4075 6359
269 272 345 334 ilbi.
949 272 1074 333 steort
1091 269 1259 331 assuesti
1856 265 1924 329 etet

265 409 359 460 sarco,
379 391 501 450 vastabat
524 371 663 458 lodaeam',
686 395 814 446 montana
837 388 927 446 omnia
949 388 1065 446 linitima
1080 396 1105 458 Α
1118 387 1268 446 iuniorem
1281 397 1502 446 exsecrarentur.
1519 387 1617 462 imque
1630 387 1729 446 simeo
1743 403 1778 445 es
1789 396 1922 447 maenti:

268 478 297 543 ct
319 485 484 542 munitiones
504 481 671 539 debellabat.
691 479 876 538 interficiebat
889 481 1069 540 resistentes:
1122 483 1281 553 inpressos,
1296 497 1376 554 teooe
1388 498 1421 540 se
1440 482 1546 540 bostem
1563 482 1718 540 exhibebat
1732 483 1888 540 universis:
1900 497 1926 542 nt

270 574 446 652 precantibus
465 575 636 646 impertiebat
649 575 758 634 veniam
772 573 888 630 salutis:
903 573 1070 646 lnpabstad·
1122 588 1150 634 et
1164 578 1226 634 illos
1238 577 1285 649 poi
1299 589 1482 646 nomentana,
1494 587 1523 636 et
1533 580 1600 638 ilios
1615 581 1766 637 adversum
1785 597 1858 652 aeos
1873 583 1927 653 ejas

273 673 427 736 versarios,
447 669 631 730 constituebat
650 683 725 726 suos.
748 667 869 726 Cerealis
888 683 996 740 quoque
1016 667 1072 725 dux
1124 671 1255 728 auxilinm
1270 673 1438 743 postulatum
1460 673 1572 742 inerat,
1589 675 1731 731 communi
1751 689 1854 731 omnes
1869 677 1928 732 edio

272 769 387 830 liomani
398 767 535 848 exercitus
548 783 610 826 cunt
628 767 749 838 eouimtn
766 766 940 838 percurrebat
956 768 1070 834 omnia,
1125 775 1345 836 persequeretur.
1361 764 1377 808 b
1400 764 1521 838 llryebat
1542 766 1665 824 imanes
1687 766 1836 823 troadibus
1856 769 1928 826 seis.

274 863 463 936 exstinguebat
485 861 669 932 alios,-alios
693 861 874 933 subjiciebat:
902 862 1072 932 captivorum
1125 858 1272 916 fluctuabat
1288 860 1396 917 civitas.
1409 858 1558 918 Certamen
1579 869 1642 917 erat
1659 861 1736 918 ister
1747 861 1888 918 tunm
1906 873 1931 918 rt

273 959 387 1032 cogebat
406 957 534 1030 agmina:
548 957 638 1032 omnia
654 957 727 1014 circa
745 955 961 1030 Hierosolymam
976 970 1074 1012 exere·
1125 953 1282 1020 Scatonem,
1297 954 1358 1025 quia
1370 955 1487 1024 amplios
1500 957 1558 1011 suia
1570 965 1697 1013 noceret.

273 1036 382 1118 bantur,
396 1067 429 1108 nc
444 1050 529 1107 ullum
544 1050 646 1106 iudeis
659 1059 734 1108 esset
745 1049 910 1121 peristylum.
926 1047 973 1106 Sic
986 1049 1074 1106 iuter·
1407 1049 1525 1108 catur
1547 1049 1644 1108 ssil.

273 1146 342 1204 clusi
363 1153 426 1202 ante
451 1145 621 1202 obsidionem
644 1143 767 1201 universi
789 1142 893 1199 ludatis
917 1143 1015 1200 exitus.
1039 1141 1076 1198 At
1162 1143 1221 1203 Sub
1234 1159 1267 1200 ea
1282 1152 1444 1215 tempestate
1457 1145 1596 1200 convaluit
1616 1157 1713 1199 rumor
1727 1143 1855 1200 civilius
1876 1143 1933 1199 bel·

273 1237 313 1296 illi
329 1253 382 1296 noo
407 1240 496 1294 solum
518 1253 573 1294 uon
587 1235 770 1296 consulebant
783 1234 851 1303 sibi,
865 1233 915 1292 sed
932 1235 1015 1292 etiam
1027 1233 1076 1290 do·
1128 1238 1218 1296 lorum
1242 1239 1271 1294 in
1294 1239 1419 1295 eremita
1434 1238 1577 1305 Romano,
1600 1237 1638 1294 de
1655 1237 1754 1295 Galbae
1774 1247 1806 1294 et
1819 1237 1934 1294 tltbrrois

269 1326 1016 1388 mesticoiatersedecernebantcertamineioannes
1032 1326 1075 1380 in·
1129 1345 1197 1392 noea
1220 1329 1411 1388 maniiestatua
1426 1340 1456 1388 et
1477 1331 1595 1401 imperio
1608 1330 1729 1397 Vitellii,
1750 1330 1803 1402 pai
1821 1331 1935 1400 nequior

269 1423 355 1480 terior
377 1434 523 1496 tyrannus:
550 1423 648 1480 Simon
673 1430 883 1480 extramuranus
902 1419 1006 1475 bostis:
1029 1420 1076 1491 qui
1128 1425 1333 1497 sumptoribus,
1348 1427 1429 1498 quari
1442 1425 1494 1482 lm
1513 1427 1673 1482 receditur.
1686 1426 1828 1484 enam
1843 1441 1934 1482 neura

275 1527 384 1586 recepta
415 1529 522 1582 utere,
553 1515 690 1586 paulisper
724 1529 889 1582 excurrens,
926 1513 1076 1570 idumaeam
1129 1519 1418 1576 retertrmainrnrtri
1429 1518 1816 1591 eruperaetindignelerre,
1834 1529 1935 1577 motum

275 1602 472 1678 depopulatos,
499 1605 615 1664 validior
643 1607 734 1674 redit,
765 1617 793 1666 et
818 1605 1077 1678 Hierosolymitaua
1130 1626 1264 1680 amatore
1284 1612 1467 1668 Praetutianus
1485 1612 1581 1669 Romae
1597 1612 1736 1684 legioms,
1754 1621 1786 1667 ut
1806 1615 1934 1682 enniana

277 1714 372 1754 vnnros
398 1699 474 1764 orbis
497 1699 583 1757 armis
607 1698 841 1758 circumsonabat.
864 1696 984 1756 loannes
1005 1697 1078 1753 intus
1130 1704 1267 1760 bellorum
1295 1705 1486 1762 amoeniorem
1510 1706 1630 1777 aperiri
1655 1706 1801 1776 mala,
1829 1707 1935 1762 nenias

280 1797 396 1870 positus,
411 1811 476 1854 suos
490 1795 523 1852 avi
536 1795 723 1874 bellumvitiis
737 1793 968 1860 excruciandam
982 1794 1077 1850 crimi·
1094 1797 1291 1878 „ignorarent
1316 1801 1439 1872 gentium
1465 1811 1526 1868 aaa
1554 1801 1658 1857 bellam
1682 1811 1848 1870 moverent,
1875 1804 1935 1872 ipse

278 1903 343 1952 num
357 1888 526 1950 anctoritate.
546 1887 700 1946 Fervebant
720 1885 810 1944 studia
824 1883 998 1956 rapinarum,
1015 1901 1079 1956 pro-
1132 1899 1225 1950 tamen
1235 1893 1466 1950 statvxerontbeiii
1481 1895 1699 1965 imperatorem:
1712 1893 1848 1951 einana
1860 1909 1934 1950 mano

279 1979 391 2036 brorum
417 1981 596 2052 cupiditales,
625 1980 741 2042 luxuriae
761 1979 927 2046 effusiones,
953 1995 1079 2052 unguen·
1131 2003 1224 2045 rarum
1239 1988 1425 2044 Romanarum
1440 1987 1585 2061 legendam
1606 1989 1743 2046 arbitrum
1760 1990 1935 2045 repastinet·

279 2085 369 2131 tnronr
392 2075 506 2159 odores,
532 2086 560 2132 ct
583 2077 748 2134 calamistris
767 2078 926 2150 crispabant
944 2077 1078 2150 capillos,
1132 2093 1206 2138 runt.
1220 2081 1325 2138 beiode
1348 2081 1506 2153 hujusmodi
1525 2082 1655 2155 mmtple
1675 2081 1813 2138 ialiallia
1836 2083 1935 2153 poeitot

279 2164 361 2225 stibio
372 2170 467 2247 oculos
482 2162 675 2242 depingebant,
693 2172 856 2232 muliebrem
870 2173 1081 2232 amictumrin-
1132 2175 1234 2233 milites
1255 2171 1439 2244 aspiravisse,
1461 2182 1493 2229 ot
1510 2173 1623 2231 Vitellio
1646 2173 1800 2245 imperiala
1822 2174 1933 2238 darent,

278 2260 409 2320 ducbant.
423 2262 479 2320 Nec
493 2264 582 2320 solum
597 2273 709 2324 ornatus
729 2265 911 2333 feminarum,
927 2267 977 2326 sed
996 2267 1082 2324 etiam
1131 2265 1289 2333 inconsulto
1311 2275 1408 2324 mnata
1432 2276 1461 2323 et
1483 2266 1586 2339 populo
1609 2267 1756 2333 iturusne:
1776 2283 1810 2322 se
1836 2267 1933 2323 interea

278 2359 422 2418 muliebris
436 2357 549 2415 mollitia
564 2357 755 2428 affectabatur,
770 2371 798 2418 et
815 2361 970 2420 illicitarum
986 2361 1080 2420 libidi-
1133 2362 1211 2433 quasi
1223 2363 1409 2420 mercenarios
1421 2362 1535 2431 baberi,
1548 2362 1595 2433 oui
1607 2361 1699 2418 aliena
1712 2359 1833 2419 arbitria
1845 2377 1934 2433 morte

279 2470 343 2510 uutn
363 2453 522 2526 passiones,
538 2454 590 2510 viri
605 2453 749 2512 muliebria
762 2469 907 2518 exercere,
924 2455 1082 2512 effeminare
1133 2465 1248 2515 rentur:
1265 2456 1370 2526 pamas
1381 2455 1416 2511 ad
1429 2455 1598 2525 pericolum,
1609 2455 1644 2511 ad
1658 2455 1798 2512 bonorem
1812 2455 1930 2520 atauus,

279 2561 390 2614 vocem,
407 2557 435 2603 ct
449 2545 523 2604 lluvn
538 2547 662 2620 corporis
676 2561 773 2605 sexunt
788 2547 953 2614 dissolvere,
968 2561 1082 2619 pascam
1133 2557 1212 2604 tanto
1237 2558 1361 2620 tempore
1383 2548 1487 2606 belluas
1506 2563 1622 2620 emere,
1647 2549 1798 2620 triumpbis
1819 2549 1933 2618 numme

278 2654 396 2706 comam,
412 2640 515 2702 voltum
529 2639 669 2706 dealbare,
694 2639 835 2710 pumicare
849 2639 1082 2712 yenmpctticarc
1135 2642 1324 2700 nascentibus
1335 2641 1372 2698 ab
1380 2639 1559 2698 interioribus
1571 2643 1702 2698 dominos
1712 2643 1858 2713 accipere3
1871 2655 1932 2698 esve

279 2725 441 2802 barbulam,
457 2744 486 2791 et
508 2734 535 2792 in
551 2735 603 2808 bac
616 2733 798 2793 dissolutione
820 2736 952 2792 sevitiam
964 2733 1083 2792 crutleli·
1133 2752 1185 2794 eos
1197 2737 1307 2807 samem
1329 2737 1430 2802 utiles,
1445 2736 1495 2792 sed
1514 2738 1559 2792 rel
1580 2736 1779 2808 ignauissimos
1797 2751 1930 2808 qnosem,

277 2822 341 2882 tatis
356 2841 486 2884 exercere
504 2826 715 2886 intolerabilem.
734 2826 857 2898 lienique
879 2826 967 2885 fracto
985 2841 1083 2898 pressu
1133 2829 1178 2887 vel
1191 2829 1279 2886 verstri
1291 2828 1400 2885 deditm
1412 2834 1441 2884 et
1452 2829 1632 2898 turpitudini:
1647 2828 1821 2901 pergentium
1834 2830 1932 2884 obnata

278 2919 459 2988 incedebant,
473 2929 501 2978 ct
512 2921 603 2978 subito
619 2920 804 2978 momentanei
822 2921 969 2978 bellatores
984 2935 1082 2976 rocon.
1133 2928 1163 2975 et
1175 2920 1372 2978 removendam
1391 2920 1674 2992 injuriantressesibi
1686 2923 1780 2977 virum
1797 2933 1930 2977 serenum

278 3013 350 3070 ditos
371 2999 421 3068 snb
440 3013 621 3086 conchyliatis
642 3012 833 3083 chlamydibus
856 3013 962 3084 gladios
988 3013 1084 3069 occul·
1133 3013 1443 3087 lespxsiannm,qnem
1457 3013 1512 3085 legi
1524 3014 1650 3072 deencrb
1662 3016 1699 3070 ab
1709 3017 1842 3071 mnibus
1853 3017 1931 3087 impe-

278 3115 383 3174 tontes,
400 3121 463 3164 cum
485 3115 599 3180 repente
611 3107 772 3176 nudassent,
781 3121 961 3178 octauumnoo
973 3122 1084 3178 repere-
1134 3114 1274 3173 numm:
1288 3109 1340 3164 avi
1351 3117 1489 3169 armorum
1499 3107 1534 3164 ad
1547 3108 1767 3177 muniendum,
1780 3111 1931 3166 validiorem

280 3209 356 3265 rant,
368 3197 559 3256 diloricabant.
575 3197 626 3268 Qui
641 3197 780 3256 Simovtcm
792 3210 935 3268 evaserat,
950 3199 1085 3258 aloanae
1096 3209 1121 3273 ο
1134 3201 1290 3272 junioribus
1303 3200 1339 3258 ad
1358 3202 1555 3272 preliandum:
1571 3202 1778 3272 properandum
1793 3205 1930 3269 oratorias,

281 3277 510 3361 interficiebatur,
530 3291 554 3348 si
577 3305 606 3348 se
625 3291 697 3348 iutra
722 3291 816 3351 urbem
843 3292 1013 3363 recepisset:
1038 3293 1086 3364 otri
1135 3307 1172 3350 ne
1190 3295 1268 3365 prius
1280 3295 1316 3350 ab
1339 3294 1404 3351 aliis
1421 3296 1587 3367 obgerctsr:
1600 3303 1631 3352 nt
1650 3295 1695 3352 bis
1707 3311 1772 3352 cmo
1796 3297 1892 3368 pedm
1910 3300 1931 3352 in

283 3383 418 3440 loonviem
438 3385 560 3456 ingerat,
576 3393 672 3453 captus
687 3398 703 3439 a
719 3384 831 3440 Simone
845 3394 909 3442 ante
930 3399 1023 3442 muros
1036 3385 1087 3445 int·
1136 3388 1232 3446 utilitia
1250 3390 1444 3456 consenserit,
1470 3387 1667 3460 trivnnpbaudo
1689 3398 1767 3446 esset
1787 3389 1930 3460 daspeuni

283 3475 447 3534 rivolabatur.
462 3477 526 3535 Erat
540 3475 676 3542 dissensio
685 3477 787 3549 gravis.
801 3476 911 3536 tornat
926 3478 1085 3549 quaerebant
1135 3477 1251 3548 Quando
1264 3480 1446 3548 opportunitas
1463 3489 1590 3549 tempos,
1608 3495 1666 3551 quo
1679 3480 1762 3550 diana
1779 3495 1885 3537 morea
1896 3481 1930 3536 la-

283 3569 456 3644 tyrnnnidem
472 3567 585 3628 loattois
599 3571 786 3642 exstinguere:
797 3569 954 3631 invidebant
966 3571 1026 3644 ejus
1038 3588 1085 3642 po·
1137 3571 1250 3628 boribus
1259 3571 1319 3643 ejus
1333 3569 1572 3643 repeatleretori‘l
1583 3571 1759 3631 vitellianum
1771 3577 1929 3645 vmagisevn,

283 3665 392 3732 tentia:
403 3672 431 3720 et
443 3662 558 3720 oderant
571 3662 631 3733 ejus
645 3663 847 3723 crudelitatem.
866 3661 1086 3736 Congrediuntur
1137 3667 1305 3736 privatorum
1324 3665 1445 3724 dedecus
1458 3667 1469 3738 (
1477 3682 1534 3724 neu
1547 3667 1639 3724 dicant
1654 3667 1871 3738 imperaturam)
1884 3683 1928 3721 reo

283 3756 429 3819 adversum
445 3756 577 3815 satellites
591 3756 760 3829 tyrannidis,
775 3765 902 3814 avertunt
912 3773 978 3826 eos,
993 3758 1085 3814 inscc-
1137 3757 1241 3815 diutius
1255 3758 1307 3813 boc
1325 3758 1506 3816 toleraturum
1517 3767 1727 3824 senatumne
1742 3761 1870 3830 papalum
1884 3759 1929 3814 lle

284 3859 376 3907 tnvuur
386 3867 434 3912 eos
449 3850 582 3924 usquead
595 3851 685 3909 aulam
704 3849 819 3924 regiam,
833 3867 914 3922 urrant
927 3851 1087 3909 condiderat
1138 3867 1266 3917 manum,
1280 3860 1311 3907 ut
1322 3852 1500 3922 opprobrium
1510 3852 1715 3911 vinolentorum
1722 3851 1828 3909 diatim
1841 3853 1867 3906 in
1880 3853 1929 3906 cru

285 3961 385 4020 genere
397 3946 521 4018 proxima
533 3946 602 4017 regis
615 3944 747 4002 adiabeni
759 3966 766 4001 :
776 3946 882 4008 irruunt
895 3946 1014 4004 exclusis
1026 3961 1088 4016 pro-
1138 3945 1212 4002 minc
1222 3954 1332 4000 rannneat
1342 3945 1452 4015 imperii
1463 3945 1561 4016 scotos
1569 3960 1615 4000 res
1623 3943 1747 4001 bonna
1757 3943 1794 4000 ad
1804 3955 1927 4016 sumptam

285 4040 498 4113 pugnatoribus,
523 4038 709 4112 templumque
747 4050 898 4110 occupatur,
925 4038 1088 4110 diripientes
1138 4052 1194 4096 nott
1216 4035 1438 4110 suppentonia
1461 4037 1537 4092 enim
1556 4037 1626 4092 ierat
1641 4044 1790 4109 aymonem
1808 4051 1927 4108 regnare,

286 4137 372 4212 spolia
382 4135 543 4210 tyrannidis,
553 4132 743 4208 qnoniamillic
754 4133 874 4192 loavvnes
885 4147 1088 4205 opumsnarout
1139 4146 1201 4191 enta
1219 4132 1320 4188 babeat
1332 4132 1360 4188 in
1378 4131 1501 4188 exercim
1512 4131 1627 4202 dignum
1639 4129 1758 4186 Romam
1771 4127 1926 4199 imperiiya·

287 4229 447 4288 condiderat
466 4227 678 4299 receptaculum.
696 4205 792 4297 ¹(iratis
812 4227 962 4286 incesserat
982 4236 1088 4293 metus,
1138 4223 1332 4282 bernattvrem‘l
1347 4222 1414 4292 Qua
1429 4233 1601 4295 verogentes
1619 4221 1697 4280 insui
1712 4221 1891 4292 sesuby'iciant
1903 4229 1927 4275 ct

286 4341 321 4381 ne
330 4339 378 4397 per
386 4333 493 4380 noctem
503 4321 761 4392 lonmnidctcnpta
771 4321 865 4384 urbem
875 4321 1003 4391 ingressi,
1014 4320 1087 4376 lerro
1141 4318 1214 4374 titiis
1227 4317 1345 4384 dedant,
1359 4334 1421 4386 curn
1432 4317 1499 4374 belli
1512 4317 1680 4374 incentiruvn
1690 4318 1727 4372 sit
1738 4316 1843 4387 moravia
1853 4317 1925 4386 impe·

288 4419 394 4491 plebeos
406 4417 610 4480 interimerent,
624 4413 750 4476 incendio
766 4413 864 4470 orbem
882 4413 1015 4470 delerent.
1030 4412 1090 4481 Quo
1140 4412 1257 4478 tatoris:
1269 4418 1300 4470 et
1313 4421 1408 4469 contra
1424 4411 1565 4468 tirmitudo
1577 4412 1669 4480 pacis,
1680 4411 1709 4466 in
1725 4413 1830 4468 laostcxa
1841 4412 1923 4479 rictus,

289 4524 364 4576 metu
374 4512 479 4580 territi,
495 4509 645 4570 decausiiii
660 4508 886 4575 sententiarum
901 4523 985 4564 unum
997 4517 1091 4586 tyran·
1141 4508 1277 4564 sobrietas
1292 4509 1320 4566 iu
1334 4507 1491 4578 rctpnnttca
1504 4505 1772 4575 moderatorelQnis
1786 4521 1838 4562 tion
1848 4506 1924 4574 suspi-

288 4621 353 4662 nom
366 4583 436 4665 'lcrre
450 4610 606 4676 nequeunt,
624 4601 742 4659 alterum
757 4601 945 4659 introduxere.
960 4598 1922 4681 liticen-11ciatinVespasiaanadirucprivatoregnitlecusetliornaai

290 4714 339 4758 nes
349 4675 443 4756 iraude
456 4699 604 4768 irrepserat
621 4696 649 4754 itt
668 4695 850 4768 tyrannidem.
866 4695 916 4754 llic
935 4695 1030 4752 Simon
1044 4711 1087 4751 ro·
1142 4697 1250 4770 imperii
1260 4698 1464 4765 anuaritntem,
1475 4697 1520 4752 cui
1531 4703 1573 4751 tot
1581 4695 1715 4752 militares
1726 4694 1829 4750 nummi
1840 4703 1922 4764 presto

291 4802 389 4866 gatus,
413 4791 492 4862 quasi
510 4790 660 4849 remedium
683 4789 779 4846 salutis
798 4786 892 4855 daret,
919 4787 1091 4845 dominatura
1143 4800 1222 4857 suvrt,
1238 4800 1266 4847 ct
1289 4790 1380 4846 omtris
1402 4788 1519 4849 borciani
1538 4793 1676 4844 exucttns
1691 4788 1807 4844 validior
1828 4785 1921 4843 manml

292 4889 399 4949 iuverit
412 4887 533 4966 civibus,
548 4885 607 4944 orbi
620 4895 777 4956 tyrannum.
795 4883 894 4941 blisum
909 4890 952 4940 cst
965 4881 1091 4943 biattbias
1144 4883 1217 4952 Quid
1230 4883 1440 4954 exspectamnsl
1455 4886 1497 4937 an
1510 4890 1542 4938 st
1560 4883 1663 4938 vvestris
1683 4879 1770 4936 inlitas
1783 4880 1920 4942 virtutibus,

294 4978 618 5052 princepssacordotum,
637 4984 665 5041 ot
677 4977 737 5046 eins
750 4975 903 5046 ingressum
921 4975 1091 5034 obsecraret.
1146 4980 1209 5035 aliis
1226 4978 1326 5034 debeat
1350 4979 1425 5046 nond
1442 4976 1592 5046 impmator
1605 4984 1665 5042 est,
1677 4983 1706 5030 et
1717 4988 1770 5030 nos
1789 4973 1919 5040 albereda·

294 5059 329 5132 bv
343 5074 389 5136 ille
411 5071 529 5142 superbe
547 5070 614 5130 satis
627 5067 761 5128 dominari
776 5069 886 5136 abtauit,
897 5079 925 5125 et
939 5071 1016 5142 quasi
1028 5086 1092 5143 yra-
1132 5058 1206 5130 ‘ntus
1220 5071 1330 5142 nundin
1343 5071 1519 5141 juvenestrae
1531 5069 1674 5140 potcstaus
1684 5067 1746 5124 esti
1761 5065 1866 5124 Gerteti
1880 5064 1919 5119 be

294 5179 413 5237 voretur,
440 5166 576 5227 cumcun
599 5163 735 5233 artrbitua,
760 5175 790 5225 ut
809 5179 840 5220 se
861 5163 889 5220 in
914 5163 1010 5222 arbem
1030 5180 1093 5221 cura
1148 5166 1468 5232 onraronolomus,nnn
1481 5161 1654 5233 derogemus.
1668 5159 1857 5216 Naciaciamns
1865 5158 1918 5212 banc

294 5265 370 5322 omvri
383 5278 431 5323 soa
444 5259 547 5317 virtute
560 5255 728 5320 ittinndcret.
745 5259 886 5330 aperuere
899 5268 997 5328 portas
1007 5258 1095 5314 mani-
1148 5259 1288 5328 iny'urinm,
1304 5267 1334 5312 ut
1345 5267 1440 5313 nostro
1449 5255 1554 5324 iudicio
1565 5255 1724 5326 repudietur
1733 5251 1916 5322 noadindiyovs

293 5356 344 5415 bus
359 5359 437 5423 suis,
452 5359 484 5409 ot
497 5348 723 5424 perniciosiorem
740 5350 1038 5420 introducerent,cnm
1053 5353 1094 5410 iu·
1148 5351 1287 5422 imperio,
1306 5365 1361 5422 qno
1384 5349 1485 5420 dignus
1509 5347 1624 5404 babetur
1646 5345 1783 5404 liteliiss.
1803 5345 1915 5402 romeon

330 5528 343 5556 ⁰
366 5515 554 5572 induebamur·
569 5506 655 5578 Bana.
1147 5514 1222 5571 Sext.
1241 5529 1301 5580 cart.
1319 5507 1354 5570 52
1369 5531 1375 5565 ε
1388 5505 1429 5566 Y‘u
1448 5511 1504 5565 meo
1525 5507 1657 5584 monio,
1675 5523 1772 5580 parpes
1796 5518 1819 5563 et
1833 5519 1910 5564 vomat

330 5591 344 5630 i
366 5587 519 5661 firmiorum
535 5585 574 5642 lo.
1146 5587 1307 5652 aasumensi,
1322 5581 1650 5639 nmnmuerconxenus
1664 5581 1854 5636 restitutionem
1863 5591 1910 5632 con·

334 5657 596 5721 cconstituentia.
1145 5657 1284 5718 firmatb
1341 5672 1403 5712 aun.

331 5731 419 5787 tant
433 5727 599 5784 Vitelliorum
612 5743 699 5794 oornp.
716 5734 761 5781 aut
777 5718 909 5783 Vitellium
920 5767 932 5804 ,
944 5727 1093 5809 aprugnum
1183 5729 1263 5784 ‘Cui
1308 5744 1369 5784 aas.
1384 5757 1417 5768 -
1435 5720 1489 5783 Sed
1505 5724 1570 5781 ierri
1622 5733 1676 5779 test
1686 5723 1771 5789 lectio
1782 5720 1910 5792 spiratus

297 5799 440 5873 leycvntnm
455 5800 561 5858 sidctnr
574 5817 579 5853 :
594 5816 626 5858 eo
642 5795 1028 5868 scilicctsensu,qooC1cero
1044 5817 1091 5870 pro
1146 5799 1280 5859 relevatur
1292 5815 1345 5857 noo
1356 5799 1389 5857 ad
1403 5806 1535 5870 suppari,
1603 5796 1638 5852 ad
1651 5791 1908 5867 commembrata.
