4075 6359
87 298 183 365 atta

554 291 688 351 bladon.
710 291 755 349 be
776 290 914 356 exenio
933 290 1069 357 biunde.
1090 293 1193 356 neeis
1214 289 1278 355 tte.
1297 286 1344 352 it.

1690 296 1763 357 itte

89 414 277 479 visitaverat,
291 409 367 475 lucie,
380 416 408 469 et
430 407 615 479 corruptelam
643 423 774 479 nqtrarum
791 408 906 475 levaret,
921 412 945 474 Α
960 408 1088 464 cnrvlicst
1110 420 1216 482 patmm
1231 408 1419 482 extssayptod
1435 411 1660 484 regredientium,
1677 430 1764 483 ustitia

88 506 258 561 retrredium
286 502 362 561 dedit
389 500 461 562 sicut
483 501 639 572 Regnorum
665 510 743 559 rctua
764 499 906 569 Scriptura

89 599 213 665 edocet,
230 596 392 667 precipiens
406 608 454 651 vas
481 592 564 653 llctilo
576 608 638 650 cum
653 592 712 649 sale
726 591 825 649 deterri
842 590 905 659 sibi,

89 691 178 762 qnod
192 692 339 761 accipiens,
355 686 453 759 dejecit
476 686 503 743 in
519 686 622 749 iontem
638 685 690 755 sal,
707 692 735 743 et
748 684 818 741 divit
832 703 840 741 ι
856 683 908 739 Sa·

92 785 165 838 renni
180 784 448 855 apostatandum
464 782 512 837 erit
525 781 553 839 ia
567 780 607 835 irie
627 779 751 846 antoricus,
766 794 846 849 neqne
857 774 908 831 rti-

92 878 162 932 ritis
173 879 206 935 at
220 878 256 933 eis
271 892 280 933 :
296 886 319 931 et
338 886 608 944 sacratissimisque,
635 869 778 927 accendunt
793 870 906 937 omittet,

93 969 205 1041 inquit,
225 967 314 1025 illirici
341 965 472 1039 propinate
487 964 534 1039 (Ιι
558 964 621 1035 liep.
638 980 669 1031 u,
684 962 718 1019 dl
746 972 769 1021 et
788 962 846 1035 ii).
865 962 906 1017 lis

96 1064 151 1125 illu
170 1063 262 1135 itaque
277 1060 490 1123 benedictinis
503 1059 639 1118 infusione
648 1067 806 1129 tcntpcratsu
817 1073 869 1127 aqu
881 1076 905 1123 r,

98 1168 288 1229 reserataque
313 1170 362 1213 ora
385 1156 479 1223 fontis,
502 1153 664 1215 sanctificati
690 1160 754 1216 sunt
776 1166 907 1225 aqtmrarn

99 1262 262 1319 nteatns,nt
276 1250 414 1309 dulciores
427 1256 508 1321 potus
526 1263 657 1307 venarum
670 1244 808 1317 scaturigo
820 1240 906 1309 cino·

99 1343 194 1410 deret,
208 1352 236 1399 et
251 1342 340 1397 nrrrnis
352 1340 395 1397 iila
408 1340 719 1411 dulcesceretaquarnm
733 1334 885 1397 amaritudo
897 1350 906 1405 ;

101 1437 252 1495 uberiores
264 1440 365 1491 irrentus
377 1445 447 1492 terra
462 1434 548 1492 daret.
558 1431 845 1502 Generandtequoque
860 1442 905 1484 so·

100 1532 178 1589 baalis
190 1532 291 1603 optima
311 1530 462 1599 successio,
489 1529 591 1602 tergant
607 1526 775 1599 posteritatis
800 1526 906 1602 copiam

101 1625 339 1693 subministraret,
357 1639 407 1681 ncc
421 1622 547 1679 deiiceret
562 1619 690 1694 genitalis
709 1636 779 1691 aqua
794 1638 801 1673 ;
818 1627 906 1677 tcnut

102 1722 199 1778 divina
223 1720 309 1793 gratia
340 1734 389 1791 pro
411 1716 548 1788 justornm
578 1714 704 1771 fidelibus
724 1712 821 1769 studiis
837 1711 906 1768 tanti

958 500 984 555 in
1001 512 1101 557 terram
1115 502 1339 573 repromissionis
1357 511 1482 573 repetere
1503 506 1666 574 vestigia,ut
1680 506 1703 559 si
1718 505 1763 561 cul

957 589 1029 651 forte
1042 604 1135 651 nttstra
1149 595 1177 650 in
1192 609 1289 651 ernanus
1311 594 1434 659 veniant.
1448 612 1501 655 non
1515 608 1606 653 trustra
1618 597 1702 667 legat,
1711 596 1762 655 scd

957 697 1064 755 patrum
1076 688 1190 759 relegat.
1199 689 1285 745 Dulce
1297 690 1499 749 estcniminter
1512 691 1646 763 trtajorum
1658 691 1762 749 verereri

959 778 1125 848 inabitaeola.
1142 789 1171 840 et
1181 790 1305 839 veterane
1316 782 1388 839 dicta
1401 782 1526 855 iactaque
1544 798 1690 842 recensere
1704 796 1762 839 me·

957 872 1045 931 enoria
1058 916 1065 939 ,
1080 888 1163 947 atque
1174 892 1270 933 cortem
1294 876 1433 935 irrberere
1446 880 1552 950 gratia.
1561 877 1617 937 Sed
1630 877 1688 949 iarn
1702 875 1761 933 sino

959 978 1097 1034 naturam,
1113 969 1173 1027 sive
1188 971 1350 1041 qualitatem
1363 986 1495 1043 equarum
1510 972 1709 1042 exprimatur,
1724 984 1761 1029 ne

959 1072 1054 1117 troster
1067 1077 1177 1134 quoque
1188 1065 1215 1119 in
1226 1080 1261 1120 en
1273 1064 1334 1122 lacu
1347 1075 1359 1105 ι
1371 1065 1531 1137 projiciatur
1547 1066 1645 1137 stylus,
1659 1080 1694 1121 ev
1705 1080 1761 1135 quo

958 1155 1050 1215 arania
1074 1171 1254 1229 quaecumque
1280 1161 1429 1231 ntergenda
1457 1161 1617 1230 putaveris,
1641 1161 1760 1217 viventia

959 1254 1051 1306 ιιιιιιι
1065 1249 1174 1311 resilire
1188 1250 1282 1321 opinio
1295 1259 1357 1307 est:
1371 1260 1400 1308 et
1414 1251 1540 1323 quamtis
1549 1248 1759 1321 'volternenter,

961 1336 1078 1406 tallisa,
1095 1342 1188 1399 statim
1204 1343 1308 1407 excuti.
1324 1346 1400 1413 Aqua
1410 1344 1470 1413 ipse
1483 1361 1574 1409 amara
1588 1354 1618 1403 et
1637 1347 1761 1413 sterilis.

959 1434 1029 1490 nibil
1044 1435 1185 1505 recipiens
1202 1451 1334 1507 generunt
1357 1439 1517 1495 viventium.
1534 1439 1655 1512 lienique
1673 1455 1763 1511 neque

959 1529 1060 1601 pisces,
1077 1544 1166 1605 neque
1182 1538 1309 1592 cassuetas
1324 1531 1403 1600 aquis
1416 1541 1444 1586 ct
1460 1531 1535 1587 laetas
1550 1532 1692 1607 mergendi
1710 1546 1761 1587 vasu

958 1623 1061 1697 patitur
1081 1638 1158 1694 ages.
1174 1622 1326 1679 Lucernam
1342 1639 1487 1682 accensam
1504 1626 1593 1683 lerum
1615 1625 1693 1697 aqnis
1718 1641 1763 1681 su-

958 1726 1116 1789 pernatare,
1128 1716 1189 1773 sinc
1203 1716 1257 1774 ulla
1267 1718 1479 1773 conversatione
1489 1720 1626 1775 exstincta
1638 1716 1763 1789 demergi

104 1816 249 1887 propbete
285 1810 523 1869 benedictionibus
551 1807 738 1880 aspiravisset.
768 1802 1443 1886 ConvertitBlunrine:etquarnvisdernersnm
1475 1812 1641 1885 arte‚quod
1666 1812 1762 1882 vivat,

102 1909 199 1983 itaque
213 1919 336 1965 natnrant
350 1922 481 1979 aquarunr
494 1904 528 1961 ad
551 1918 647 1977 preces
659 1903 797 1977 praeplacere
811 1901 908 1959 coeles-

104 2006 143 2061 tis
168 2000 270 2059 oraculi
286 1999 438 2064 resultatio,
455 1998 640 2069 continuoque
664 1996 835 2051 sterilitatem
861 1992 908 2049 de·

105 2100 186 2173 pulit,
201 2094 394 2153 fecunditatem
408 2090 515 2149 infudit.
531 2089 645 2161 Coeperc
662 2090 719 2144 illic
734 2089 908 2144 crebrescere

103 2190 299 2265 generationes
324 2185 476 2249 lrotrrinum,
498 2184 601 2241 fructus
624 2191 772 2245 terrarum,
800 2196 909 2237 succus-

104 2301 160 2357 que
175 2282 189 2322 b
204 2297 349 2353 aquarum.
366 2287 429 2333 ante
451 2275 560 2349 jejunus
571 2286 598 2331 ct
614 2291 723 2333 umarus
736 2275 908 2334 internecare

104 2377 206 2435 solitus
222 2386 291 2441 sata,
308 2374 449 2443 tristiaque
476 2370 625 2425 bibentium
640 2385 686 2425 oca
700 2376 840 2439 torquere,
857 2370 909 2423 ler-

105 2472 235 2528 tilitatem
265 2470 335 2535 solo,
352 2464 507 2538 potantibus
522 2463 683 2523 stravitatcni
699 2461 855 2529 infundere,
879 2468 909 2516 ut

105 2567 130 2621 si
143 2565 264 2622 breviter
276 2563 349 2619 culta
362 2559 503 2631 contingat
514 2555 573 2629 plns
590 2557 685 2627 arrosit,
696 2571 775 2627 qnam
791 2554 835 2611 ubi
849 2554 910 2609 diu-

107 2660 163 2714 tins
178 2654 344 2729 irrigaverit.
368 2654 417 2710 Est
431 2653 504 2709 enirn
523 2667 594 2709 nova
620 2649 717 2723 gratia,
733 2657 762 2705 ut
773 2649 909 2718 profectus

21 2772 22 2777 ’
107 2752 305 2811 redundantior
323 2750 370 2817 sit,
398 2748 442 2804 ubi
467 2761 532 2802 usus
553 2746 663 2801 minor:
681 2753 708 2798 ct
721 2741 765 2798 ubi
792 2741 910 2811 amplius

107 2851 250 2923 qtrisqttnrn
280 2861 345 2901 usus
365 2844 457 2911 luerit,
473 2842 510 2898 ibi
528 2843 618 2897 nrirror
633 2839 736 2897 fructus
752 2838 806 2893 sit:
822 2850 910 2905 eoque

108 2939 292 3017 pluscaetcris
316 2936 437 2994 fontibus
456 2936 537 3007 rigat,
557 2934 620 3005 qnia
637 2932 678 2988 vel
699 2932 824 3003 exignum
850 2930 910 2999 ejus

109 3034 229 3091 abrandat
242 3032 274 3087 ad
289 3032 454 3087 ubertatem.
463 3027 704 3098 lieniquecampus
720 3041 781 3081 eum
794 3026 910 3081 circnm-

106 3128 181 3201 jacct
193 3126 366 3197 septuaginta
382 3124 530 3181 stadiorum
549 3126 575 3177 in
590 3121 799 3193 longitudinem,
815 3119 909 3191 viginti

960 1905 1073 1967 diifrcile
1087 1906 1114 1966 in
1135 1905 1269 1980 protunda
1285 1906 1402 1977 baerere.
1426 1907 1550 1980 lienique
1564 1906 1762 1981 Vespasianum

959 1998 1052 2059 ferunt
1066 2000 1231 2075 precepisse
1241 2000 1353 2059 tratandi
1367 2000 1475 2071 ignaros
1488 2001 1616 2061 revinctis
1636 2002 1763 2061 nraarrilme

961 2092 987 2149 in
1004 2091 1170 2163 prrulundum
1185 2092 1284 2163 dejici,
1302 2108 1404 2165 cosque
1418 2108 1515 2151 onrnes
1532 2093 1605 2150 illico
1626 2109 1760 2167 superna·

963 2194 1054 2253 tasse,
1070 2185 1146 2259 quasi
1158 2183 1255 2255 spiritu
1268 2186 1386 2257 quodam
1397 2187 1470 2242 venti
1487 2186 1591 2242 levatos
1603 2229 1610 2254 ,
1622 2196 1650 2242 ct
1663 2188 1697 2241 ad
1713 2205 1761 2246 su-

961 2280 1070 2351 periora
1083 2280 1108 2335 vi
1125 2293 1222 2351 taragna
1241 2282 1366 2350 repulsos
1378 2280 1519 2338 resiliisse.
1540 2280 1621 2336 linita
1636 2280 1760 2341 fabulosa

960 2370 995 2427 de
1011 2372 1061 2427 boc
1073 2374 1134 2429 lacu
1144 2373 1269 2446 plerique
1283 2375 1498 2442 ιιιιιιιιιιιιιιιιι,
1513 2391 1573 2446 quae
1589 2376 1668 2431 nobis
1682 2377 1762 2436 inex·

961 2468 1046 2537 pertis
1057 2468 1173 2523 ueritate
1185 2470 1235 2536 rei,
1247 2482 1373 2539 promere
1382 2484 1530 2539 trunaqnant
1543 2468 1687 2525 consiliunt
1701 2469 1761 2525 fuit.

961 2562 984 2619 ιι
990 2573 1067 2618 utare
1081 2561 1164 2620 etiarn
1179 2572 1220 2622 ter
1231 2563 1257 2619 in
1273 2562 1450 2619 discolorem
1465 2578 1563 2635 aque,
1579 2573 1606 2619 ct
1620 2563 1654 2619 ad
1671 2565 1764 2624 radios

960 2653 1027 2713 sniis
1039 2656 1113 2709 varie
1128 2652 1267 2727 refulgere
1289 2671 1342 2711 nnn
1358 2654 1461 2728 placuit
1484 2671 1534 2728 pro
1557 2671 1624 2712 vero
1647 2657 1761 2726 locare,

961 2764 1023 2809 cum
1038 2748 1074 2803 sit
1085 2749 1169 2819 ipsius
1184 2757 1197 2797 ε
1210 2764 1288 2821 aque
1305 2748 1381 2804 lacus
1394 2748 1538 2807 obscurior
1548 2752 1657 2807 caeteris
1670 2751 1760 2826 aquis,

961 2848 989 2897 et
1004 2839 1081 2913 quasi
1104 2841 1210 2896 aduste
1233 2840 1382 2913 praeferens
1402 2842 1623 2899 sintilitndinem.
1642 2844 1724 2901 Certe
1739 2845 1763 2905 oi

962 2933 996 2990 ad
1013 2934 1117 2989 radium
1129 2935 1196 2991 solis
1212 2944 1240 2989 et
1255 2936 1313 3005 ipsa
1327 2937 1511 3010 resplendeat,
1529 2936 1598 2993 nibil
1611 2952 1722 3006 novom,
1735 2948 1766 2996 ιι

962 3026 1039 3098 qnasi
1057 3042 1106 3095 prro
1120 3027 1254 3083 miraculo
1265 3031 1444 3102 promendum
1457 3047 1464 3086 :
1476 3047 1538 3087 cum
1553 3031 1606 3089 lruc
1620 3049 1766 3091 cnmnnnre

963 3120 1093 3195 sitaqtris
1112 3120 1250 3177 omnibus.
1280 3120 1377 3195 legari
1403 3138 1486 3193 snper
1512 3140 1598 3195 aquas
1625 3125 1767 3183 bituminis

110 3223 136 3276 in
155 3218 322 3274 latintdincm
346 3225 451 3291 patens.
476 3216 505 3273 ln
528 3210 566 3271 ¹co
590 3215 740 3272 tuirabilea
767 3216 908 3271 bortornrn
923 3202 945 3271 C
961 3216 1055 3287 glebas
1070 3226 1175 3278 certum
1195 3226 1238 3274 cst
1253 3225 1314 3273 atro
1328 3218 1444 3291 liquore,
1461 3236 1529 3292 quas
1542 3220 1652 3291 scapbis
1663 3237 1763 3295 appro-

109 3314 222 3387 gratiam
236 3326 342 3377 ceritas,
359 3309 434 3365 varia
463 3308 612 3381 palmarum
626 3322 737 3379 genera,
754 3316 909 3377 tantamque

110 3406 279 3479 dactylorum
293 3403 476 3471 dulcedinem,
489 3400 605 3458 utntclla
615 3400 734 3456 delinere
746 3408 823 3470 putes
837 3397 909 3454 band

110 3500 216 3555 ceteris
242 3498 380 3555 inferiora.
411 3496 481 3554 Svrnt
501 3496 583 3552 etiam
609 3494 664 3549 illic
689 3492 909 3565 prestantissimi

111 3609 190 3663 apum
202 3590 287 3649 fetus:
308 3608 358 3647 nec
374 3590 482 3655 mirum,
498 3588 545 3645 ubi
557 3599 610 3643 tatu
624 3588 740 3644 diversis
754 3586 909 3642 inhalantes

111 3684 232 3752 floribus,
247 3682 363 3754 paradisi
390 3696 488 3737 suaves
508 3680 624 3736 futrdunt
638 3679 748 3737 odores.
762 3679 821 3735 illic
844 3692 910 3750 opu-

111 3780 261 3836 balsatnnnt
274 3778 402 3849 gignitur.
418 3775 496 3844 Quod
511 3776 641 3832 ideocnm
657 3773 809 3843 adiectione
824 3772 910 3843 signi·

111 3874 235 3941 ficamus,
252 3871 313 3943 quia
329 3868 456 3941 agricolae
477 3868 581 3924 cortice
609 3876 688 3922 tenus
703 3866 823 3937 virgulas
840 3864 909 3919 inci-

111 3969 186 4033 dunt,
204 3984 250 4023 eas
264 3966 399 4037 inquibus
420 3963 540 4019 balsama
557 3960 735 4033 ⁰gignantur.
750 3967 779 4015 ut
792 3972 840 4029 per
850 3957 911 4013 illas

112 4078 241 4119 cavernas
256 4060 385 4135 paulatim
400 4056 539 4114 distillans
563 4058 659 4111 lrurnnr
673 4070 703 4109 sc
715 4052 835 4123 colligat.
859 4050 911 4107 lla-

112 4172 194 4215 rema
209 4166 299 4211 autent
320 4154 416 4211 Graeco
445 4151 554 4206 nomine
576 4150 627 4209 inei
653 4146 762 4203 dicitnr.
790 4144 846 4201 illic
864 4156 911 4215 cy·

113 4264 215 4321 preum,
229 4247 284 4304 illic
298 4244 495 4301 mirabolanum
511 4241 584 4297 nasci
596 4242 694 4307 lerunt,
708 4247 735 4295 et
750 4236 802 4293 alla
819 4236 911 4292 istius·

113 4344 196 4411 modi,
210 4357 271 4414 quac
284 4342 310 4397 in
325 4338 387 4396 aliis
409 4338 476 4394 locis
490 4336 697 4407 haudquaquam
726 4331 909 4403 reperiuntur.

112 4436 187 4507 ιιμιι
198 4442 335 4491 ιιιιιιιιι
345 4431 474 4499 frantiam,
484 4430 539 4487 illic
554 4440 644 4485 tamen
660 4427 845 4500 praestantior,
860 4438 912 4479 as-

114 4542 166 4588 tate
180 4528 286 4602 frigida,
302 4527 392 4584 bieme
408 4537 516 4597 tepens.
538 4525 591 4579 ιιι
618 4520 736 4589 mollior,
751 4527 780 4575 nt
805 4532 910 4575 summa

961 3311 1128 3381 pinqnantes
1148 3311 1297 3383 coliigunt,
1315 3313 1413 3385 quibus
1431 3313 1458 3369 id
1482 3316 1605 3371 ruuneris
1619 3323 1662 3372 cst
1682 3331 1689 3370 ε
1706 3318 1764 3373 be·

961 3420 1024 3461 rere
1035 3406 1085 3460 sibi
1101 3404 1188 3462 fertur
1201 3406 1337 3476 bitumen,
1349 3417 1380 3464 ut
1395 3406 1468 3464 ferro
1480 3409 1702 3482 haudquaquam,
1719 3412 1763 3468 vel

961 3498 1012 3553 alia
1027 3509 1161 3569 praeacuta
1174 3500 1278 3555 mctalli
1290 3502 1381 3572 specie
1393 3502 1541 3559 recidatur.
1553 3503 1684 3577 Sanguini
1697 3518 1765 3561 sane

962 3590 1036 3646 cedit
1056 3592 1220 3658 mulierum,
1236 3608 1291 3665 quo
1305 3607 1442 3649 menstrua
1465 3595 1606 3651 solventes
1621 3596 1707 3652 levari
1724 3595 1763 3652 le·

960 3692 1068 3738 cuntur.
1084 3682 1167 3753 Cujus
1181 3693 1283 3739 attactu
1297 3685 1340 3740 vel
1355 3688 1433 3740 urina
1450 3688 1459 3753 (
1468 3697 1497 3741 ut
1512 3687 1643 3757 allegant,
1660 3688 1761 3757 quibus

962 3777 1121 3846 experiendi
1145 3790 1211 3833 usus
1234 3776 1303 3849 fuit)
1329 3779 1489 3851 interrumpi
1513 3780 1638 3851 proditur
1659 3798 1667 3837 :
1688 3780 1763 3839 utilis

962 3878 1053 3923 autern
1069 3866 1103 3923 ad
1118 3883 1278 3939 compagem
1294 3870 1404 3926 navium
1425 3870 1530 3940 fertur,
1555 3881 1584 3929 et
1602 3873 1765 3945 corporibus

962 3960 1104 4017 hominurn
1117 3962 1365 4019 salubrisadmista
1380 3963 1599 4022 medicamentis.
1611 3966 1766 4038 Longitudo

962 4055 1040 4111 lacus
1055 4054 1115 4125 ejus
1128 4068 1214 4125 usque
1229 4056 1263 4110 ad
1281 4052 1384 4111 Zonaras
1398 4052 1510 4111 Arabiae
1524 4056 1650 4131 dirigitur
1670 4059 1767 4118 stadiis

963 4148 1119 4219 quingentis
1140 4148 1302 4220 octoginta:
1325 4148 1442 4205 latitudo
1456 4150 1551 4207 stadiis
1563 4163 1672 4208 centnm
1684 4154 1764 4224 quiu-

963 4244 1102 4316 quaginta,
1112 4258 1198 4316 usque
1209 4243 1243 4300 ad
1257 4244 1343 4300 vicina
1354 4243 1549 4312 Sodomorum,
1564 4247 1610 4317 qui
1623 4247 1761 4317 qttondam

963 4336 1130 4393 uberrimam
1158 4337 1299 4409 regionem
1332 4337 1523 4395 intrabitabant
1548 4340 1763 4398 :abundantem

964 4429 1118 4497 fructibus,
1135 4430 1292 4489 distinctam
1309 4446 1418 4504 quoqne
1439 4432 1553 4489 urbibus
1572 4433 1765 4506 splendidissi-

964 4526 1028 4580 mis.
1044 4523 1123 4581 Nunc
1138 4536 1230 4582 autem
1242 4541 1274 4582 ea
1291 4524 1414 4582 locorum
1426 4526 1556 4592 deserta,
1575 4537 1657 4599 atquc
1670 4537 1766 4585 causta

114 4625 200 4681 ltiemc
225 4624 305 4681 fineis
341 4620 437 4677 incolae
462 4618 570 4676 exuviis
600 4624 711 4673 cuntur
738 4604 1029 4674 indumento-Deum
1042 4617 1181 4676 incendio.
1197 4618 1264 4674 Nam
1280 4634 1342 4674 curo
1357 4620 1449 4675 omnia
1471 4618 1528 4674 illis
1544 4620 1615 4677 lictus
1635 4636 1686 4677 suo
1700 4637 1767 4679 ron·

114 4732 182 4773 rum.

396 4803 511 4863 CAPUT
529 4802 623 4859 xiiii.

965 4710 1073 4767 tulisset
1086 4724 1210 4777 munere,
1228 4725 1292 4766 arva
1307 4710 1413 4782 frugum
1429 4707 1553 4778 feracia,
1568 4720 1596 4767 et
1611 4712 1697 4768 vineis
1712 4728 1765 4769 cac·

963 4804 1084 4876 terisque
1098 4802 1246 4861 fructuosis
1261 4803 1405 4860 arboribus
1418 4807 1630 4873 rusconsitnm3
1646 4805 1762 4879 ingrati,

149 4900 399 4974 Nuncdspbaltitis
416 4897 837 4970 taerrsqoatnatemspectemu.
853 4890 910 4945 llo·
963 4911 1015 4953 nec
1043 4910 1100 4967 pre
1126 4896 1213 4952 arculis
1235 4895 1370 4953 babentes
1396 4898 1545 4968 potentiana
1568 4898 1616 4956 lici
1641 4903 1763 4972 suntnti,

116 4997 165 5054 lius
175 5010 217 5052 cst
230 4997 302 5053 enim
312 4994 339 5049 in
350 4994 472 5049 locurum
486 5000 608 5047 veterum
618 4983 911 5056 descriptionibrts,vcl
962 4987 1042 5062 quasi
1056 5004 1109 5044 non
1129 4988 1220 5045 onrtria
1235 4996 1382 5054 cerneret,
1397 4993 1491 5045 omitia
1514 5000 1701 5063 prospectaret
1714 4994 1765 5051 pa.

116 5102 274 5151 caetcrorurn
287 5089 484 5147 clementorum
499 5084 644 5148 miraculo,
659 5096 740 5151 tinam
761 5079 787 5135 in
801 5075 911 5133 ludmo-
963 5083 1041 5156 gitiu,
1059 5084 1179 5155 ninilque
1194 5090 1269 5139 esset
1283 5082 1356 5152 quod
1372 5082 1448 5138 illum
1463 5084 1549 5141 latere
1564 5095 1610 5141 aut
1625 5086 1764 5157 preterire

117 5204 173 5245 rum
200 5184 380 5243 seditionibus
405 5180 505 5254 stylum
529 5191 674 5245 occursare.
701 5170 841 5243 Siquidem
861 5170 912 5225 isle
965 5186 1058 5249 posset
1073 5194 1081 5230 ι
1096 5177 1131 5231 ita
1143 5174 1365 5245 intemperantiae
1384 5190 1441 5231 suae
1453 5177 1562 5248 probris
1575 5180 1692 5236 miscere
1704 5180 1766 5235 nni-

117 5280 213 5352 dagitia
225 5287 343 5333 merrtem
355 5277 533 5345 exasperant;
546 5270 591 5325 ιιιι
602 5267 758 5323 demulcent
777 5264 910 5327 animum,
964 5283 1044 5325 versa
1059 5282 1091 5324 ae
1109 5269 1233 5339 polluere
1254 5281 1382 5338 coeperc,
1406 5269 1505 5339 quibus
1523 5272 1642 5328 divinata
1657 5283 1765 5329 traxere

117 5376 371 5435 dutnreccnsentur,
380 5356 914 5425 etetlltiltit'iih¹⁵l⁰¹iffll⁰l⁰⁰²¹il⁰⁰i¹ii⁸
963 5362 1108 5428 offensam,
1125 5371 1152 5418 et
1163 5378 1216 5435 pro
1227 5361 1363 5418 scelerum
1376 5364 1465 5434 pretio
1482 5364 1518 5421 de
1531 5366 1603 5423 coelo
1621 5366 1765 5424 descendit

119 5470 227 5528 tionem.
238 5466 324 5527 llubls
336 5472 426 5521 ιιιιιιι
447 5457 550 5535 quibus
561 5456 692 5512 incultius
704 5452 844 5525 iigenium
855 5459 911 5518 est,
964 5456 1046 5527 ignis,
1062 5456 1108 5528 qui
1121 5457 1263 5529 regionem
1277 5454 1353 5511 illam
1373 5466 1511 5514 exureret.
1529 5456 1654 5531 Quinque
1669 5458 1762 5531 itaque

1009 5593 1195 5651 ιιιίιιιιιιιιι.
1212 5596 1248 5653 ιιι.

1008 5662 1116 5723 fildas.
1133 5668 1171 5727 lo.

1008 5736 1170 5808 erigam.

150 5622 162 5651 a
175 5609 233 5669 Ceti.
247 5606 333 5663 Bnne.

148 5680 248 5740 blianc
257 5689 351 5733 verrem
364 5688 418 5729 non
427 5666 551 5744 agnoscit
565 5679 618 5722 tue.
631 5662 670 5719 ln.

152 5766 162 5796 ι
173 5753 347 5810 Generuntar.
359 5742 397 5799 ln.

152 5823 165 5865 ι
179 5815 385 5896 &grabattum-
399 5814 436 5871 ln.
