4075 6359
297 313 366 370 soit
969 314 1093 374 saneti
1112 316 1274 375 nosnostt
1880 317 1928 375 itte

299 429 387 485 bount
408 428 479 497 loca,
502 428 601 500 quibos
625 424 742 499 quisque
760 436 902 498 preesset,
927 442 988 500 quaa
1009 428 1101 485 munia
1115 428 1224 492 Abella
1246 428 1373 486 mercede
1399 436 1548 486 tractarent
1569 424 1604 482 ad
1618 432 1750 498 quatuor
1772 422 1852 478 millia
1871 425 1928 495 rbus

299 519 413 594 singuli,
428 534 497 592 qnos
509 518 631 587 ordines,
647 518 710 592 quid
734 520 855 577 tanneris
865 531 1100 593 exsequerentur:
1155 530 1303 580 sescentos
1332 537 1441 595 qouque
1468 521 1572 580 electum
1593 516 1735 575 custodes
1762 514 1806 572 sui
1830 520 1929 587 remam,

299 612 449 684 iosephum
462 621 477 653 ¹
489 610 607 669 cutione
620 612 753 683 genitum,
767 620 795 669 et
806 612 931 669 hnanunt
950 614 1101 687 principem
1153 627 1228 672 tanta
1240 632 1255 672 a
1268 616 1369 674 iudeis
1392 617 1503 686 pertulit
1524 622 1555 672 ut
1573 614 1638 686 plus
1659 620 1731 667 ante
1753 608 1849 666 bellom
1860 625 1873 664 a
1884 614 1931 679 suis

300 708 483 775 sacerdotum,
499 705 754 779 hierosolymitanae
768 706 843 763 urbis
852 707 979 779 negotiis,
991 716 1020 763 et
1034 724 1103 779 prae·
1152 726 1233 784 qoam
1246 710 1274 767 in
1286 712 1345 783 ipso
1357 710 1456 768 bellua
1472 708 1602 766 Romanis
1616 703 1753 779 pericula
1776 704 1933 775 perhorresce

299 803 380 875 cipue
395 800 578 858 instaurandis
602 800 686 857 muris
699 800 862 872 preficiunt.
889 799 1011 859 Ardebat
1022 802 1103 860 lilea·
1152 813 1205 863 ret.
1221 803 1324 861 Omitto
1335 804 1399 873 quid
1423 800 1565 859 seditionis
1577 798 1738 857 excitatum
1751 815 1760 853 :
1774 798 1835 869 quia
1850 797 1932 854 latrari·

300 910 380 952 raros
394 893 512 953 Simonis
522 892 623 966 aliquid
637 894 689 950 sibi
709 894 879 966 publicorum
892 895 1027 952 committi
1042 912 1101 951 rnu-
1153 900 1199 956 nio
1213 910 1306 970 erepta
1315 897 1431 955 reddere
1442 895 1539 967 hirqui
1550 895 1721 959 amiserant,
1741 890 1933 961 suspectabatur:

301 1004 406 1045 nerum.
420 988 455 1045 Et
468 987 533 1045 lieet
543 1002 652 1044 ornnem
666 986 803 1059 predam,
823 1003 904 1060 qoam
930 988 965 1045 de
977 987 1103 1045 Romano
1153 993 1314 1050 semaxime
1329 992 1455 1064 agrippa
1466 1001 1496 1048 et
1509 990 1666 1055 liercnicm,
1681 986 1787 1060 quibus
1800 985 1935 1043 redhibenda
1977 991 1978 1020 l

298 1084 420 1141 exercitu
434 1093 573 1155 ceperant,
587 1082 639 1140 sub
651 1090 817 1157 potestatem
837 1098 914 1140 soarn
938 1082 1102 1155 redegisset,
1150 1086 1225 1159 juste
1240 1085 1340 1153 forent,
1351 1101 1386 1141 ne
1396 1100 1488 1157 regem
1497 1084 1619 1141 facerent
1631 1081 1824 1139 infestiorem.
1834 1078 1936 1137 littaoea

297 1175 381 1235 ditem
394 1176 547 1249 praesertim
561 1186 643 1249 atquc
655 1176 775 1251 opimam
787 1176 901 1232 auaritia
913 1174 1007 1235 Cestii.
1021 1185 1103 1249 atque
1152 1176 1213 1247 ille,
1226 1192 1281 1249 quo
1289 1177 1384 1249 populi
1392 1177 1512 1234 molliret
1521 1176 1670 1248 impetum,
1679 1173 1718 1231 ad
1734 1172 1937 1231 construentem

297 1271 451 1329 immodicis
462 1272 563 1345 rapinis
579 1283 769 1329 coacervatam
784 1290 790 1327 :
804 1279 896 1328 tamen
907 1271 1034 1343 parandae
1045 1286 1103 1329 ma·
1154 1270 1244 1343 potios
1258 1286 1412 1339 mororum,
1422 1285 1504 1341 quatu
1516 1270 1550 1327 ad
1562 1268 1750 1327 dominorum
1763 1267 1937 1323 indemnitatem

296 1366 339 1437 gis
352 1366 544 1437 sibipotentim
560 1366 706 1433 intentum,
718 1364 949 1438 quatncommuni
966 1364 1028 1421 usui
1041 1379 1104 1436 pro-
1153 1375 1288 1425 servatam
1318 1367 1479 1438 pecuniam:
1506 1366 1674 1437 omniaque,
1702 1362 1757 1421 ille
1776 1360 1876 1431 aiebat,
1896 1378 1937 1433 qua

295 1474 362 1514 nura
376 1458 517 1527 arbitrati,
532 1458 725 1517 declinandum
739 1459 922 1515 aestimavere.
940 1457 995 1515 Sed
1008 1458 1104 1529 paula·
1153 1471 1246 1533 erepta
1261 1460 1409 1518 Ptolemaeo
1431 1459 1533 1527 forent,
1552 1460 1598 1533 qui
1609 1459 1724 1530 regium
1740 1470 1850 1522 aurum,
1861 1464 1937 1521 vertes,

296 1552 345 1609 tina
362 1550 652 1624 ambiendoslngulos,
667 1549 1058 1622 dandoetlargiendocilecit,
1075 1559 1104 1607 ut
1153 1563 1306 1627 caeteraque
1337 1570 1450 1611 munera
1475 1554 1668 1625 portavisset,
1697 1550 1843 1607 {estimare
1862 1546 1937 1603 debere

295 1662 390 1703 rerum
404 1646 526 1703 omnium
549 1660 654 1703 summa
667 1644 727 1717 ejus
742 1644 856 1702 arbitrio
870 1644 1100 1701 committeretur.
1153 1646 1348 1705 Taricheatas:
1363 1648 1436 1720 apud
1454 1662 1503 1705 eoa
1526 1646 1600 1703 enim
1623 1661 1670 1703 res
1691 1643 1860 1717 gerebatur,
1873 1652 1937 1695 utras

295 1740 443 1798 ldutnaeam
473 1754 581 1813 quoqne
607 1739 687 1797 lesos
708 1752 778 1795 unus
799 1737 834 1795 de
858 1736 1047 1794 sacerdotibus
1075 1745 1104 1795 et
1153 1740 1181 1797 ld
1193 1740 1383 1798 instaurationi
1406 1755 1518 1798 suorum
1531 1755 1675 1796 mororum
1705 1736 1870 1794 servandum
1882 1746 1937 1805 puta·

300 1835 447 1892 Eleazarus
470 1834 623 1891 sacerdotis
648 1832 720 1891 hlius
739 1832 846 1889 militiae
860 1832 1011 1905 prapusnt,
1023 1840 1103 1889 toen-
1116 1835 1142 1897 B
1154 1842 1228 1903 rent,
1240 1850 1275 1890 an
1290 1834 1473 1906 diripiendum
1489 1833 1641 1890 latronibus
1654 1834 1878 1903 depromeretur.
1887 1827 1937 1881 hii

298 1927 362 1985 dam
386 1937 557 1999 receperunt.
573 1925 693 1999 Principi
707 1934 797 1983 tamen
812 1926 898 1982 totius
908 1924 1035 1981 ldumteae
1056 1923 1104 1980 Ni·
1155 1939 1323 2001 gnumcerte
1332 1928 1429 1994 rideri,
1443 1938 1473 1984 ut
1487 1942 1521 1984 eo
1535 1942 1641 1999 paenam
1652 1926 1816 1996 exciperet,
1830 1921 1936 1993 quiana-

298 2035 349 2094 κιο
363 2020 398 2078 de
411 2020 524 2078 summis
547 2020 628 2077 rebus
642 2018 848 2091 prerogativam
875 2032 984 2075 omnem
1008 2031 1104 2074 reser-
1157 2023 1210 2080 iius
1231 2022 1422 2079 consuluisset.
1444 2021 1706 2093 ltaquecunversus
1725 2017 1785 2074 illis
1799 2017 1826 2071 tr
1846 2014 1882 2070 sui
1895 2026 1937 2084 pa

298 2121 413 2183 rantes,
429 2112 679 2186 iosepboSinmnis
694 2110 823 2169 Hiericho
847 2109 1104 2179 curentqttanasse
1156 2119 1222 2175 itam
1250 2116 1380 2174 invidiam
1407 2115 1537 2172 simulet
1558 2116 1716 2188 peniculum
1743 2110 1841 2169 erasit.
1862 2106 1935 2163 lterm

300 2208 432 2267 chtraea
444 2208 521 2281 regio
537 2209 701 2275 commissa,
715 2216 791 2263 trans
805 2205 970 2277 Euphratem
985 2204 1049 2270 sita;
1061 2205 1104 2261 cui
1156 2228 1218 2268 cum
1233 2211 1349 2284 gratiam
1364 2210 1437 2280 regis
1456 2210 1583 2281 Agrippa
1602 2206 1736 2264 Tiberias
1751 2204 1935 2269 societatemque

299 2300 335 2359 ib
361 2316 395 2359 ⁰0
411 2299 467 2358 indi
482 2315 596 2369 ¹1⁰m0¹b
615 2299 689 2372 f¹¹⁰i¹
703 2298 855 2370 Euphrates
875 2297 910 2354 id
923 2312 982 2353 ⁰²⁰¹
997 2305 1104 2369 limem
1155 2304 1333 2376 deposceret,
1357 2304 1511 2377 proripiens
1531 2316 1562 2359 se
1583 2302 1726 2375 losepbos
1753 2299 1791 2355 de
1815 2304 1933 2352 memorata

298 2394 477 2467 pergentibus
503 2394 706 2451 transmittitur.
733 2390 854 2449 ioannes
878 2390 1004 2457 Essene,
1033 2389 1104 2446 alios
1154 2396 1475 2467 nrbe,'laricheatarum
1495 2395 1594 2453 clausit
1607 2403 1716 2467 portas,
1732 2409 1769 2449 ne
1782 2388 1934 2464 qntsnuniu

297 2504 407 2562 quoqne
427 2480 548 2548 loannes
569 2488 681 2548 Ananiae
706 2487 796 2557 filius,
818 2487 966 2559 ceterique
981 2485 1104 2547 adversis
1155 2492 1190 2549 ad
1205 2491 1301 2549 urbem
1315 2490 1488 2548 Tiberiadem
1508 2496 1644 2561 pergeret,
1672 2498 1705 2544 et
1729 2486 1831 2542 deesse
1843 2478 1933 2550 ioseph

298 2581 422 2637 attributi
443 2581 581 2653 partibus,
598 2595 667 2653 quas
681 2594 729 2637 soa
755 2588 896 2636 tuerentur
906 2578 1101 2636 sollicitudine.
1155 2584 1255 2643 auxilia
1280 2584 1409 2641 militaria
1424 2583 1602 2656 signldcaret.
1614 2582 1677 2654 lpse
1695 2590 1794 2638 autem
1816 2589 1933 2647 magnete

296 2672 391 2747 ¹¹1¹‘lull
413 2673 513 2745 Sifldlffi
531 2673 678 2745 0⁰¹l¹ffl¹⁸⁵²
692 2672 744 2729 ilbi
771 2672 864 2731 munii
888 2687 942 2730 ¹¹⁰ss
962 2670 1103 2741 (seweie.
1155 2680 1194 2736 vit
1204 2678 1239 2735 de
1253 2678 1315 2734 laen
1329 2678 1437 2750 navigia
1452 2677 1598 2750 piscatoria
1612 2690 1676 2747 qum
1688 2676 1718 2731 in
1731 2683 1855 2744 teutpore
1869 2668 1931 2741 pettit

296 2770 436 2826 instruere
451 2783 557 2837 moros,
571 2782 682 2824 ananum
695 2766 787 2839 legere
802 2766 972 2825 bellatoriam
983 2783 1032 2824 :ex
1042 2768 1105 2839 qui·
1155 2770 1319 2845 investigare
1330 2779 1387 2840 ,'et
1399 2767 1573 2828 tiberiadem
1589 2768 1714 2837 remigiis
1735 2765 1824 2839 petiit.
1843 2761 1888 2820 Sed
1899 2760 1929 2815 ubi

299 2860 351 2919 bus
371 2861 506 2933 losepbus
523 2860 552 2917 in
567 2860 708 2919 Gatttaarn
723 2860 908 2929 descendens,
925 2861 1034 2917 munire
1056 2874 1103 2917 ca·
1155 2866 1191 2923 ad
1212 2880 1276 2923 eum
1297 2866 1388 2922 locrrm
1406 2864 1492 2932 venit,
1513 2862 1541 2919 in
1566 2877 1620 2935 quo
1633 2862 1788 2933 conspicua
1799 2855 1894 2930 quidem
1911 2852 1928 2905 ir

300 2953 1104 3028 stella,instaurarepropugnacula,validissimosquasque
1155 2962 1223 3017 urbe
1246 2958 1344 3032 positis
1367 2957 1437 3015 foret
1458 2957 1564 3031 species
1579 2956 1768 3029 navigiorum,
1791 2944 1927 3022 depreberli

300 3057 330 3105 et
345 3048 418 3105 bello
429 3047 650 3120 promptissimos
665 3047 819 3105 adsciscere
829 3047 882 3106 sibl
895 3049 1011 3121 impigre
1025 3063 1103 3105 cora·
1155 3064 1245 3113 tamen
1269 3054 1393 3126 nequiret
1416 3060 1508 3110 utrum
1529 3060 1623 3108 essent
1636 3065 1723 3106 vacua
1752 3046 1926 3121 praeliatorum:
1977 3115 1979 3130 ἡ

298 3143 368 3197 bat:
390 3140 539 3213 probibere
565 3140 720 3209 latrocinia,
743 3140 914 3212 praetendere
935 3139 1060 3212 quotidie
1073 3139 1102 3196 in
1151 3146 1233 3217 ltrssit
1244 3162 1276 3203 ea
1291 3144 1412 3217 dispergi
1424 3159 1473 3215 per
1484 3152 1569 3200 totunt
1581 3142 1699 3215 spatium
1716 3142 1807 3208 lacus,
1820 3146 1847 3193 ut
1864 3132 1924 3202 malet

296 3236 404 3304 castris,
427 3234 541 3290 militem
561 3233 692 3290 bantana
708 3234 812 3291 militia
833 3248 909 3291 more
933 3234 1098 3304 exercitare,
1114 3236 1138 3303 G
1153 3252 1285 3296 numerus
1305 3238 1510 3296 estimaretur:
1529 3250 1565 3292 nc
1586 3235 1733 3307 qnisquam
1756 3246 1839 3289 vacua
1851 3227 1924 3300 potius,

300 3328 442 3397 diuidere,
464 3327 575 3383 ordines
590 3326 765 3395 distribuere,
779 3327 955 3384 centuriones
968 3326 1101 3399 plurimos
1152 3346 1233 3403 quant
1257 3330 1359 3387 referta
1383 3329 1561 3387 bellatoribus
1583 3329 1746 3386 estimaret.
1769 3326 1826 3396 Quo
1852 3315 1923 3379 territi.

298 3420 520 3491 proficereque
540 3416 647 3475 facilins
658 3418 802 3490 disciplina
815 3418 850 3474 ab
868 3418 996 3475 omuibus
1008 3420 1101 3489 exige-
1149 3425 1224 3499 qood
1250 3424 1382 3481 adversos
1406 3430 1509 3478 mittam
1531 3421 1737 3479 multitudinem
1753 3420 1922 3477 infirmasset

298 3523 391 3570 ‘⁰¹¹¹ss
414 3525 449 3567 ¹¹0
460 3510 603 3584 qnisquam
616 3510 724 3579 ¹³le
740 3510 903 3583 liliumque
916 3511 1025 3583 imilla
1040 3527 1101 3568 ¹⁰¹¹·
1151 3524 1365 3589 arbitrarentur,
1380 3518 1556 3593 projecerunt
1578 3532 1665 3588 arma,
1679 3519 1823 3591 portisque
1842 3520 1920 3567 roseti

299 3606 345 3663 nia
371 3602 571 3675 dereliquisset.
585 3601 746 3660 instituebat
767 3604 861 3673 etiam,
876 3614 905 3660 ut
920 3615 1101 3677 agnoscerent
1152 3618 1196 3685 qn,
1208 3613 1401 3673 eruderantes
1413 3613 1550 3685 supplices
1562 3611 1694 3684 iosepbo,
1718 3611 1769 3686 qui
1789 3606 1865 3665 veluti
1882 3602 1919 3656 ilii

297 3696 483 3756 institutiones
506 3696 632 3754 lubitum
652 3703 680 3755 θῑ
693 3697 902 3769 repressiones,
918 3709 1100 3769 seqttctettlur
1150 3709 1267 3782 agminis
1276 3708 1402 3765 militaris
1413 3706 1523 3779 propius
1540 3716 1704 3763 aggesserat,
1720 3703 1871 3775 Quanam,
1882 3705 1916 3763 qut

296 3794 436 3861 ordinem·
451 3793 537 3849 aciem
562 3790 726 3863 dirigerent,
740 3793 853 3867 clypeos
879 3794 1052 3862 intexerent,
1069 3802 1100 3851 ¹¹¹
1150 3804 1260 3861 tandem
1273 3802 1383 3859 vesania
1397 3800 1592 3858 discessionem
1606 3787 1917 3860 antntstnoutssmtqri·

296 3887 395 3945 mutili
423 3885 615 3955 vicesimus
635 3900 732 3957 magna
747 3885 865 3943 ¹¹⁰⁵¹i¹¹¹¹¹
881 3886 924 3943 '3⁵
945 3885 1097 3957 illimem,
1150 3895 1200 3953 bus
1214 3893 1373 3951 auctoribus
1383 3892 1492 3965 impulsi
1505 3906 1566 3949 sese
1574 3891 1741 3950 adversariis
1760 3884 1871 3947 tradituri
1890 3880 1915 3934 it·

295 4001 358 4045 sese
382 3982 527 4041 adversum
547 3981 718 4039 incursantes
739 3980 928 4051 defensarent,
949 3981 1098 4040 subvenire
1149 3995 1274 4054 reot;·et
1294 3983 1374 4041 sitnui
1391 3992 1568 4041 occurrentes
1582 3983 1635 4040 sibi
1655 3984 1773 4055 jubebat
1785 3979 1917 4053 gubernem

294 4077 491 4143 laborantibus,
518 4075 597 4133 fessis
610 4076 739 4148 compati,
762 4076 881 4149 pericula
896 4075 1012 4132 aliorum
1025 4077 1051 4132 in
1067 4091 1098 4132 se
1148 4079 1224 4136 ribos
1249 4088 1278 4135 ut
1299 4077 1446 4135 Taricheas
1466 4076 1654 4145 deducerent,
1683 4086 1767 4149 atque
1791 4074 1841 4129 illie
1856 4079 1865 4107 ⁶
1881 4075 1915 4119 ite

294 4170 487 4229 transfundere
501 4187 508 4226 :
521 4182 573 4227 nec
586 4168 674 4225 solum
688 4168 752 4227 belli
767 4176 841 4225 artes
854 4168 982 4227 adinstar
996 4169 1097 4226 itoma-
1147 4180 1244 4228 centos
1257 4171 1345 4228 ferme
1361 4171 1488 4237 curiales,
1504 4170 1651 4243 plerosque
1666 4170 1693 4225 in
1707 4167 1815 4226 vincola
1838 4162 1867 4219 de
1876 4157 1914 4230 plt·

293 4283 336 4324 nm
347 4265 447 4325 docere
468 4265 584 4335 militiae,
601 4264 650 4324 sed
669 4266 751 4323 etlam
764 4272 830 4321 ante
843 4264 957 4334 bellom,
974 4267 1021 4337 qoi
1038 4282 1097 4322 arn·
1147 4265 1182 4323 be
1197 4265 1278 4338 rapit.
1303 4263 1412 4339 Clytum
1434 4278 1543 4337 quoque
1556 4264 1617 4336 ejus
1635 4263 1767 4321 facinoris
1784 4256 1911 4317 accersitttt

293 4364 366 4437 plius
378 4362 514 4421 bellantes
531 4363 659 4433 iuvarent
670 4344 849 4430 denuntiare,
868 4368 899 4417 ut
914 4360 994 4417 miles
1003 4360 1094 4418 cibum
1146 4360 1307 4433 principem,
1331 4358 1456 4415 manibus
1477 4357 1625 4429 amputatis
1638 4372 1734 4429 poertas
1756 4355 1828 4413 luere
1843 4347 1912 4421 jubet:

291 4458 344 4515 sibi
359 4467 386 4515 et
399 4472 474 4514 arma
489 4463 628 4527 portaret,
644 4454 716 4511 vallo
729 4464 757 4511 et
777 4454 849 4512 fossa
874 4468 936 4512 sese
962 4458 1094 4526 nutriret,
1146 4465 1227 4524 atque
1241 4452 1290 4509 illo
1301 4463 1423 4525 rogante,
1439 4462 1469 4508 ut
1480 4466 1536 4508 una
1558 4452 1653 4508 saltem
1667 4452 1719 4508 sibi
1743 4462 1833 4508 manus
1853 4440 1911 4497 retir-

289 4550 442 4623 castrisqoe
453 4548 587 4623 ponendis
601 4548 765 4621 praeveniret
779 4547 901 4617 hostem,
919 4546 1094 4620 obtempera·
1145 4557 1287 4621 queretur,
1303 4548 1434 4619 precepit
1452 4545 1597 4617 suseptae,
1612 4556 1642 4603 ut
1656 4545 1716 4619 ipse
1732 4528 1911 4614 gtbtqmmtrl·

289 4654 333 4700 ret
344 4645 500 4717 preceptis,
514 4644 588 4701 forto
600 4658 633 4701 ac
643 4643 894 4715 rapinisabstlnere
908 4654 1091 4712 assuesceret,
1107 4640 1196 4708 Dlet,
1214 4642 1346 4698 demeret.
1372 4640 1442 4697 'lum
1465 4639 1512 4695 ille
1527 4638 1662 4711 arripiens
1688 4639 1784 4696 dextra
1804 4629 1907 4706 gladium.
1979 4623 1981 4720 i

289 4734 395 4791 lucrum
407 4734 548 4807 proprium
563 4744 685 4810 potaret,
696 4737 719 4794 si
731 4735 798 4792 nibil
809 4736 944 4807 dispendii
956 4737 1094 4794 ruralibus
1144 4735 1238 4791 lteram
1252 4732 1379 4791 abscidit.
1397 4732 1437 4789 lta
1460 4742 1570 4805 recepta
1585 4731 1709 4789 Tiberias
1723 4739 1777 4789 est.
1788 4725 1835 4786 Sed
1851 4719 1909 4778 enan

289 4830 441 4889 cultoribus
452 4831 629 4903 irrogaretur.
645 4831 715 4901 Quid
726 4832 800 4888 enim
811 4830 893 4889 distet
905 4832 940 4889 ab
957 4832 1093 4900 hostibus,
1144 4830 1276 4903 Sephoris
1292 4838 1393 4887 tentata
1409 4827 1589 4895 discessione,
1603 4827 1715 4899 losephi
1732 4837 1815 4883 tamen
1835 4808 1908 4875 vitati·

289 4923 316 4980 si
326 4922 384 4995 ipse
397 4922 490 4979 hostili
504 4924 587 4981 modo
601 4923 730 4980 auferati
742 4922 795 4979 nisi
818 4926 892 4993 quod
914 4924 1024 4995 gravius
1038 4936 1093 4993 est,
1142 4933 1198 4997 tate
1209 4927 1280 4982 inter
1292 4923 1450 4981 iudeorum
1463 4922 1547 4979 urbes
1569 4922 1658 4978 socias
1670 4920 1836 4978 attinebatur.
1845 4908 1906 4964 itii·

288 5030 337 5074 sna
349 5031 430 5088 quarn
445 5016 536 5072 aliena
549 5016 700 5083 incessere,
714 5025 742 5073 et
751 5015 856 5083 socios,
872 5030 952 5088 quam
965 5016 1092 5073 adversa·
1142 5018 1317 5090 quillioribus
1326 5014 1587 5073 cnlmeonsiliissua
1597 5012 1757 5084 defendere,
1766 4999 1904 5085 quantlitili
1979 5013 1981 5162 Ι

289 5111 346 5169 rios
359 5110 489 5182 spoliare.
501 5111 651 5167 Plurimum
666 5110 759 5168 valere
782 5110 808 5166 in
821 5108 895 5165 bello
909 5109 1008 5166 bonam
1024 5125 1089 5167 con·
1140 5114 1282 5171 incursare
1294 5112 1420 5171 malebat

286 5204 430 5263 scientiam
442 5244 450 5271 ,
463 5217 497 5259 eo
511 5201 584 5275 quod
597 5203 713 5273 amplius
726 5202 761 5259 dc
770 5202 863 5258 divino
875 5202 975 5258 auxilio
987 5218 1091 5273 praesu·
1449 5200 1566 5261 CAPUT
1586 5200 1630 5259 li.

287 5306 388 5364 meret,
411 5296 457 5368 qui
472 5311 502 5352 se
527 5295 594 5351 nulli
608 5294 716 5350 alllnem
731 5295 839 5351 crimini
866 5306 1087 5367 recognosceret.
1176 5300 1213 5357 nt
1239 5315 1305 5357 vero
1326 5300 1434 5357 Pelates
1452 5297 1546 5370 Niger,
1560 5296 1767 5368 etBabptontus
1786 5284 1901 5368 spiam

287 5390 342 5447 Sed
363 5390 405 5446 his
425 5389 508 5446 rebus
530 5388 611 5444 citius
633 5388 684 5445 sibi
706 5386 777 5459 apud
801 5387 944 5459 improbos
959 5399 1089 5462 expertos
1139 5394 1556 5465 Joannealissaeusomneqood
1570 5372 1900 5465 cratinfodnapubisnli·

286 5493 329 5540 est
348 5483 475 5541 nocuisse
488 5481 636 5548 invidiam,
657 5495 737 5552 quarn
755 5478 826 5551 apud
840 5479 925 5539 bonos
950 5484 1087 5554 profuisse
1139 5489 1182 5547 tias
1195 5499 1408 5562 congregantes,
1423 5490 1589 5548 Ascalonem
1602 5500 1715 5564 petunt,
1730 5490 1836 5563 amplttt
1857 5470 1897 5545 lli·

284 5576 411 5646 gratiam.
438 5575 506 5634 Nam
532 5590 595 5633 cum
615 5573 650 5631 ad
674 5574 813 5646 sexaginta
839 5576 922 5633 millia
950 5577 1084 5650 peditum,
1137 5582 1200 5640 dem
1225 5594 1253 5640 et
1276 5584 1362 5640 muris
1389 5584 1533 5642 subnixam
1557 5585 1657 5643 validis
1676 5585 1781 5652 urbem,
1802 5575 1840 5637 sed
1858 5564 1898 5638 opis

285 5668 466 5738 paucissimos
493 5670 615 5742 equitum
631 5668 870 5741 congregavisset:
889 5684 938 5727 eos
959 5685 1025 5728 vero
1038 5673 1085 5746 qui
1138 5675 1308 5748 subsidiique
1322 5676 1453 5748 indigam,
1468 5693 1530 5749 quae
1543 5679 1722 5753 septingentis
1734 5674 1821 5752 viginti
1832 5657 1897 5726 stadii

321 5790 336 5820 ⁸
354 5781 416 5842 Vel.
432 5782 507 5851 cod„
534 5780 659 5839 Gemens.
686 5779 833 5853 tosephus,
856 5783 978 5842 hodonis
999 5783 1081 5855 filius.
1173 5786 1275 5851 illud.
1298 5798 1366 5858 vet,
1382 5788 1482 5864 Perteq.
1498 5792 1537 5848 ln.

282 5851 367 5913 batn.
1175 5849 1357 5932 ‘codme‘tq
1371 5856 1566 5922 naamanin
