4075 6359
283 280 355 339 ildb
949 270 1075 335 abacti
1092 272 1256 332 manusb
1874 278 1932 334 ttut

281 402 408 473 ingressu
428 398 595 459 abstinuere.
610 394 698 452 donec
719 392 798 451 litus
813 392 950 466 ingressus
970 402 1024 462 est,
1038 390 1193 464 quibuisi
1214 390 1288 465 qnod
1308 392 1336 449 in
1356 394 1515 465 captivitate
1529 393 1651 451 audaces
1665 394 1743 451 sinti
1763 390 1879 450 Nemini
1891 404 1936 448 erat

282 492 379 548 dolore
390 490 494 561 paterni
510 486 621 561 periculi
634 486 750 553 excitus,
764 500 825 543 enm
841 487 935 559 paucis
948 487 974 543 in
987 484 1083 543 urbem
1135 482 1263 557 loquendi
1278 495 1400 556 potestas
1415 496 1619 559 :occupaverat
1638 488 1713 544 euim
1726 500 1846 544 omnem
1860 500 1938 541 narn

282 585 373 653 irruit,
389 592 418 639 et
432 582 574 637 inanimam
596 578 698 637 iudaeis
712 578 816 637 cladem
840 579 951 637 invexit.
966 579 1084 637 Tantum
1135 592 1196 635 rum
1210 580 1341 636 ambitum
1362 581 1526 653 praedatoria
1541 596 1640 637 manus
1654 600 1661 636 :
1677 580 1798 639 cavebat
1811 579 1938 649 tonnae,

282 679 370 748 quiin
394 675 579 748 superioribus
600 683 688 740 erant,
710 689 774 729 sara
802 673 944 730 volventes
971 687 1086 730 accessu
1136 687 1171 729 ne
1184 672 1246 745 quis
1256 672 1394 746 colloquio
1406 672 1535 733 familiari
1547 674 1688 732 Romanos
1697 675 1846 731 invitaret.
1859 672 1942 743 ltaque

282 770 464 843 prohibebant
476 767 614 823 ιιιιιιιιι
631 784 638 821 :
658 765 764 837 spicula
779 766 954 836 torquebant,
970 766 1085 837 sagittas
1136 766 1196 837 ipse
1206 766 1348 838 preripuit
1361 766 1499 824 sermonis
1509 766 1684 836 relationem,
1698 767 1800 825 diceus
1813 784 1822 821 ε
1835 766 1943 823 libenter

279 862 480 935 jaculabantur.
502 859 525 915 Α
550 857 652 915 ludaeis
676 858 792 929 impulsa
818 856 898 913 lacile
921 859 947 913 in
968 874 1084 929 pronum
1136 874 1167 916 se
1186 868 1332 917 tractatum
1353 861 1494 931 suscipere
1511 862 1546 919 de
1569 862 1652 919 rebus
1674 861 1888 926 communibus,
1904 878 1945 918 nec

281 972 346 1013 sara
362 953 586 1021 devolvebantur,
611 952 722 1008 missilia
743 951 957 1023 perveniebant,
972 951 1086 1009 descen-
1135 953 1293 1025 experiendi
1306 969 1384 1011 usum
1409 954 1558 1023 nerbono,
1570 954 1594 1010 si
1609 953 1680 1011 iurte
1700 956 1755 1025 ipsi
1780 954 1866 1011 utilia
1893 968 1946 1010 sua

281 1051 383 1108 debant
398 1048 504 1118 sagittae
525 1059 580 1103 ιιι
596 1047 655 1102 siue
667 1060 763 1101 eorum
777 1043 900 1117 periculo
912 1060 981 1116 quos
996 1044 1084 1101 oileu-
1136 1046 1214 1115 deat,
1229 1056 1277 1103 aut
1292 1046 1337 1104 bis
1361 1062 1423 1119 quae
1448 1047 1606 1104 reseruntur
1632 1046 1876 1120 acquiescendum
1900 1048 1946 1103 sit:

281 1146 386 1201 derant.
408 1140 539 1197 liunmnis
564 1138 708 1196 adversum
732 1136 848 1195 editiora
876 1138 976 1195 montis
995 1138 1085 1208 jactus
1136 1140 1185 1198 sed
1200 1139 1382 1211 probiberise
1397 1140 1458 1213 lege
1472 1142 1569 1213 patria,
1582 1156 1646 1197 cum
1659 1142 1784 1214 supersit
1797 1140 1948 1199 bebdoma

281 1237 419 1303 inellicar,
442 1243 558 1292 conatus
580 1234 685 1301 irritus,
710 1240 792 1304 atque
817 1231 883 1301 ipsis
898 1232 1084 1303 periculosum
1136 1232 1179 1289 da
1193 1245 1280 1289 sacrae
1292 1232 1362 1301 dies,
1377 1241 1496 1290 tractare
1513 1232 1549 1289 dc
1570 1232 1646 1305 pacis
1666 1232 1897 1290 conditionibus.
1911 1235 1948 1290 St

281 1346 343 1388 cunr
354 1329 444 1385 subito
459 1336 518 1385 orta
531 1326 603 1383 venti
621 1324 752 1397 procella,
767 1324 926 1382 ludaeorum
945 1336 1086 1397 retorque-
1136 1326 1248 1399 quidem
1268 1336 1297 1382 ιι
1312 1342 1425 1385 movere
1437 1341 1514 1383 arma
1534 1328 1725 1396 interdictum,
1743 1330 1783 1384 ita
1797 1328 1891 1386 etiam
1905 1330 1949 1384 iili-

280 1423 327 1479 bat
339 1422 463 1493 sagittas,
479 1418 629 1491 repellebat
642 1416 756 1489 spicula.
780 1416 846 1486 Qua
862 1432 928 1473 vero
947 1418 1086 1475 Romanus
1136 1421 1221 1477 citum
1244 1420 1389 1479 consulere
1399 1420 1434 1478 de
1449 1435 1517 1493 pace
1530 1421 1636 1479 ieriatis
1649 1422 1761 1480 diebus.
1777 1422 1898 1480 Etenim
1917 1425 1947 1480 de

280 1516 418 1575 exercitus
430 1514 613 1586 jaculabatur,
640 1512 667 1567 in
691 1510 798 1569 bostem
825 1520 838 1549 ι
861 1509 1022 1567 referebat:
1049 1511 1086 1569 ita
1137 1514 1247 1586 negotio
1261 1514 1351 1571 serbis
1365 1513 1462 1573 saltem
1478 1515 1638 1584 decernere,
1656 1527 1686 1573 et
1702 1516 1760 1573 illis
1772 1517 1947 1588 saerilegium

281 1610 479 1667 elementorum
502 1605 624 1677 ipsorum
647 1605 784 1677 repagulis
804 1613 831 1661 ιι
843 1614 986 1661 ventorum
1002 1605 1086 1663 turbi·
1137 1608 1184 1680 qui
1198 1617 1372 1681 cogerentur,
1396 1624 1447 1667 nec
1462 1610 1516 1667 illis
1532 1611 1647 1668 inultum
1670 1612 1718 1685 qui
1730 1620 1886 1685 cogerent.
1903 1612 1946 1668 ιι-

282 1702 362 1759 nibus
377 1700 513 1774 oppressi,
537 1713 664 1770 supremo
683 1698 789 1756 excidio
813 1706 898 1769 captae
925 1698 999 1756 urbis
1024 1699 1086 1755 uni·
1138 1702 1210 1758 niam
1226 1717 1256 1759 se
1271 1702 1351 1759 unius
1365 1702 1420 1760 diei
1431 1718 1556 1775 poscere,
1570 1704 1731 1762 dilationem
1750 1716 1811 1761 tam
1823 1706 1946 1776 exiguam

283 1796 532 1867 rersi,qnicumque
544 1793 599 1850 illia
609 1792 709 1865 reperti
724 1800 798 1858 suut,
812 1793 950 1849 interiere.
963 1791 1084 1862 Quatuor
1098 1798 1123 1859 Β
1137 1812 1309 1870 nequaquam
1322 1798 1519 1871 impedimento
1532 1799 1660 1856 laturam.
1685 1800 1782 1873 Neque
1804 1803 1887 1857 enim
1900 1804 1945 1858 eir·

286 1900 390 1946 latrium
405 1886 664 1944 milliaassomunls
685 1888 828 1943 ittlerlecla
844 1903 850 1940 :
865 1884 984 1958 quinque
1000 1885 1084 1942 millia
1136 1891 1261 1949 cumfuse
1284 1891 1374 1962 horte,
1400 1891 1529 1965 effugium
1555 1890 1657 1949 clausis
1677 1893 1798 1951 liberum
1822 1914 1833 1950 t
1860 1892 1944 1949 offeni

283 1982 434 2054 praecipitio
443 1980 720 2054 periissesccepimns
734 1979 818 2035 :nulli
832 1980 903 2036 retati
917 1980 995 2037 venia
1006 1979 1083 2037 data.
1136 1985 1190 2041 sibi
1201 1986 1343 2044 arbitrium
1355 1986 1442 2058 pacis,
1457 1994 1512 2043 tam
1527 1987 1625 2057 aeqrvali
1637 1985 1753 2059 optione
1768 1986 1943 2044 formidinem

592 2072 709 2130 CAPUT
726 2071 772 2128 lV·
1136 2078 1260 2136 obesse:
1285 2079 1377 2151 urgeri
1398 2093 1429 2135 se
1450 2078 1561 2135 interim
1588 2094 1643 2137 ιιι
1668 2088 1801 2152 oportere
1826 2080 1866 2135 ad
1882 2080 1945 2151 pacis

320 2170 426 2229 Giscala
442 2167 530 2225 adbuc
543 2167 601 2225 sola
614 2166 648 2223 dc
660 2166 783 2239 partibus
796 2164 914 2221 Galilaeae
929 2165 956 2223 in
977 2180 1007 2224 se
1021 2166 1085 2223 bos·
1137 2172 1273 2240 consulta,
1292 2171 1390 2243 quibus
1415 2172 1542 2245 religioni
1566 2182 1642 2231 esset
1663 2183 1762 2232 cenna
1782 2176 1879 2249 legem
1902 2190 1942 2247 pa·

283 2276 338 2323 ιιιι
352 2280 407 2321 ιιιι
424 2272 606 2328 ιιιιιιιιιιι,
618 2261 746 2335 quoniam
760 2260 912 2317 incolarum
926 2263 986 2331 eius
1006 2262 1085 2333 quie·
1138 2266 1218 2323 triam
1231 2280 1285 2321 non
1299 2266 1477 2337 praevaricari
1489 2285 1497 2321 ι
1511 2269 1660 2324 ιιιιιιιιι
1671 2277 1766 2324 autern
1779 2276 1842 2325 tarn
1854 2269 1943 2324 libera

282 2360 354 2416 tiora
368 2358 486 2431 ingenia,
510 2368 538 2413 ut
559 2367 623 2429 pote
646 2355 722 2429 plebs
737 2356 863 2427 agrestis,
879 2364 1007 2413 contenta
1030 2356 1087 2413 suis
1137 2361 1156 2416 li
1171 2360 1246 2431 pacis
1259 2359 1405 2427 oblationi,
1426 2371 1456 2416 ut
1468 2359 1515 2433 qui
1529 2371 1629 2433 praeter
1643 2376 1722 2434 spem
1735 2373 1842 2434 sponte
1855 2360 1942 2420 oderat
1996 2365 1997 2402 l

281 2455 426 2518 fructibus,
440 2453 507 2509 nibil
519 2452 580 2509 belli
591 2450 787 2519 conserebant;
803 2450 851 2508 scd
865 2450 1010 2507 multorum
1023 2464 1088 2507 coa·
1138 2470 1250 2527 pacem,
1263 2470 1300 2513 ne
1320 2456 1382 2529 quis
1409 2456 1588 2529 periclitetur,
1612 2457 1738 2513 evasuris
1763 2458 1854 2513 etiam
1880 2458 1941 2528 leges

284 2549 334 2605 litu
347 2550 394 2621 qui
408 2548 553 2605 latrocinio
568 2548 820 2604 vitamexeroorent
832 2560 921 2613 suant,
938 2546 1021 2602 etiarn
1036 2545 1087 2601 mi·
1138 2563 1202 2606 suas
1217 2560 1351 2607 reservet.
1366 2546 1431 2606 llaec
1441 2550 1502 2605 sine
1518 2548 1583 2605 dolo
1594 2548 1671 2605 'litus
1693 2547 1815 2621 allegata
1835 2548 1940 2605 arbitrr·
1996 2561 1997 2598 ι

283 2644 383 2701 tiorum
398 2642 485 2700 studia
500 2644 591 2715 prauis
608 2641 730 2699 muribus
744 2638 1000 2712 corrumpebantur.
1021 2640 1088 2695 Erat
1139 2654 1194 2712 tus,
1209 2644 1331 2715 receptui
1345 2643 1455 2711 cecinit,
1479 2650 1507 2699 et
1520 2643 1661 2699 revocarit
1674 2658 1690 2698 a
1705 2644 1795 2698 maris
1813 2658 1887 2715 quos
1903 2657 1939 2697 se-

283 2749 416 2813 praeterea
428 2741 469 2796 vir
483 2738 552 2796 levis
566 2738 686 2795 loannes
704 2736 814 2795 nomine
832 2735 971 2809 indigena,
995 2733 1087 2807 pupuli
1138 2735 1371 2794 cumdedurerat.
1384 2733 1937 2807 ltaloanneslugiendiadeptuseopian,
1996 2755 1997 2788 ι

283 2834 352 2903 lues,
366 2834 436 2892 dolis
458 2832 527 2890 nulli
547 2842 718 2889 versutorum
743 2830 890 2897 secundus,
912 2828 1088 2902 improbitate
1139 2840 1219 2888 nocte
1234 2832 1396 2903 intempesta
1417 2845 1479 2887 cum
1506 2830 1644 2902 plerisque
1664 2829 1825 2886 abscessit:
1849 2844 1937 2901 seque·

268 2944 375 3001 ⁴parem
388 2928 526 2996 nesciens,
543 2928 586 2984 ιιι
610 2940 757 2997 numquam
777 2924 901 2983 doluerat
915 2922 1032 2981 nocendi
1045 2922 1087 2978 ai·
1139 2922 1239 2978 bantur
1253 2923 1335 2979 etiam
1348 2922 1477 2978 mulieres
1489 2920 1865 2995 proficiscentem.sedquo
1880 2924 1936 2976 ulte
1996 2968 1997 2973 ,

282 3024 380 3091 ιιιιιι,
403 3022 569 3096 aliquamdiu
591 3032 681 3080 tamen
703 3021 793 3079 luerat
815 3023 904 3095 inopia
927 3022 1089 3080 exercende
1140 3015 1199 3072 rius
1218 3015 1466 3089 progrediebantur
1490 3015 1551 3085 viri,
1574 3030 1608 3072 eo
1628 3014 1722 3087 plures
1745 3016 1882 3074 mulieres
1903 3014 1937 3070 rel

283 3118 433 3190 iniquitatis
457 3116 691 3189 impedimentum.
720 3116 789 3186 Quid
818 3126 907 3173 tamen
936 3115 1086 3184 deliniam,
1139 3110 1249 3181 parvuli
1273 3109 1510 3181 relinquebantur,
1533 3108 1704 3181 desertaeque
1725 3125 1742 3166 a
1760 3108 1821 3166 sois
1843 3117 1937 3181 speria·

286 3211 357 3268 baud
371 3211 473 3281 liquido
485 3211 558 3277 scio,
576 3218 665 3267 utrum
689 3224 752 3265 enrn
767 3209 914 3282 indigentia
931 3212 1041 3276 texerit,
1052 3225 1088 3266 an
1102 3198 1126 3263 G
1140 3203 1208 3262 bant
1220 3204 1326 3278 pavidae
1337 3203 1408 3261 viavn
1434 3204 1551 3261 lemine.
1567 3203 1678 3260 Etcum
1696 3202 1754 3275 iarn
1781 3202 1858 3260 viros
1883 3216 1936 3275 pro

285 3304 467 3373 represserit:
491 3302 545 3359 doli
569 3301 695 3371 callidus,
722 3301 835 3358 saliendi
856 3302 966 3369 artilex,
992 3302 1090 3360 doctus
1141 3299 1406 3371 priosecouspectu
1427 3298 1603 3364 amitterent,
1627 3295 1735 3352 bostem
1761 3294 1935 3353 adessearbi

284 3396 444 3465 mendaciis,
460 3397 540 3453 iidem
554 3412 677 3469 quaerere
689 3406 716 3453 et
731 3396 917 3453 crudelitatem
931 3399 1090 3469 compositis
1141 3396 1293 3462 trabantur,
1309 3393 1342 3449 ad
1363 3408 1472 3450 omnem
1483 3402 1633 3449 trementes
1646 3407 1757 3448 sonum.
1769 3392 1801 3451 Si
1810 3393 1934 3466 quiscur

285 3490 450 3559 adsciscere,
466 3492 510 3563 qui
523 3491 657 3547 fallaciam
671 3494 800 3546 virtutem
816 3498 923 3561 putaret
936 3499 965 3547 et
978 3490 1088 3565 elegan-
1140 3499 1283 3559 curreret,
1299 3488 1399 3546 urbere
1412 3489 1659 3556 eorrvertebantur,
1675 3502 1738 3545 sese
1753 3488 1821 3559 peti,
1836 3488 1888 3545 sibi
1899 3501 1933 3542 ιι

286 3584 332 3641 ιιι
342 3582 470 3649 duceret,
487 3592 513 3639 ιι
529 3583 707 3639 elrarissimos
719 3583 934 3641 circumvenire:
951 3593 1092 3656 promptus
1142 3591 1219 3639 tenus
1231 3580 1306 3653 injici
1319 3582 1505 3654 trepidantes,
1527 3581 1603 3651 quasi
1615 3580 1671 3651 iarn
1686 3592 1841 3653 presentes
1854 3589 1932 3638 essert

284 3676 318 3733 ad
332 3675 555 3747 conspirandum,
571 3674 719 3731 vehemens
734 3674 766 3730 ad
782 3675 946 3745 audendum,
969 3691 1035 3733 aser
1055 3677 1089 3733 ad
1142 3675 1188 3746 qui
1203 3674 1377 3731 timebantur.
1400 3673 1477 3730 ‘litus
1492 3674 1529 3730 ιιι
1541 3673 1618 3746 juxta
1631 3683 1799 3731 conventum
1815 3675 1874 3745 iam
1885 3673 1932 3729 sole

284 3768 469 3837 alliciendum,
486 3769 663 3825 conturbator
679 3769 705 3824 in
719 3773 786 3835 otio,
802 3769 928 3827 desertor
942 3771 968 3826 in
984 3772 1090 3842 pericn-
1142 3769 1243 3839 irvlrrso,
1257 3768 1291 3826 ad
1300 3770 1395 3826 urbem
1406 3784 1469 3826 cum
1482 3768 1753 3826 exereitucontendit
1767 3787 1775 3825 ι
1787 3770 1930 3840 aperiuntur

284 3864 326 3933 lo,
342 3874 467 3919 assuetus
482 3864 643 3929 latrociniis,
661 3864 732 3921 bello
745 3864 877 3932 insolens,
892 3866 938 3933 qui
954 3882 1089 3937 comper·
1142 3874 1227 3934 portae
1243 3880 1249 3918 :
1273 3862 1411 3936 egreditur
1431 3862 1549 3933 populus
1562 3877 1625 3918 cum
1638 3861 1835 3929 exsultatione,
1848 3872 1876 3918 et
1887 3862 1929 3915 ιιι

284 3956 362 4029 sequi
376 3958 512 4028 nequiret,
527 3966 631 4015 sereret
644 3965 733 4013 tamen
751 3957 877 4029 parandae
892 3973 988 4015 caussas
1003 3960 1090 4015 dorni·
1142 3969 1237 4012 nsanos
1247 3969 1308 4011 cum
1323 3954 1415 4012 laetitia
1428 3955 1544 4025 suscipit
1553 3964 1581 4010 et
1593 3954 1756 4011 alacritate:
1771 3953 1871 4011 abesse
1879 3967 1930 4024 gur

286 4052 414 4109 nationis.
424 4051 583 4124 lluicigitur
593 4052 702 4109 animus
712 4053 857 4124 inquietus,
869 4054 1087 4124 promptaauda-
1140 4050 1208 4107 dens
1228 4050 1398 4122 pestilentem
1413 4051 1514 4117 virum,
1529 4048 1630 4121 fugisse
1645 4064 1694 4120 per
1708 4059 1830 4118 noctem,
1844 4047 1930 4106 sibili·

284 4147 338 4213 eia,
353 4162 432 4218 quana
455 4160 601 4217 processus
615 4145 725 4203 alebant
736 4160 856 4218 opesque
871 4146 904 4203 sd
924 4146 1088 4204 consocian—
1141 4142 1233 4200 beram
1248 4142 1405 4199 laenitatem
1419 4142 1510 4199 datam
1526 4156 1629 4198 :orare
1642 4157 1673 4199 se
1684 4143 1806 4211 veniam,
1822 4158 1857 4199 ne
1870 4140 1929 4196 lrau

284 4239 346 4295 darn
362 4239 529 4310 perditorum
544 4254 665 4295 manum.
690 4238 768 4295 Unde
790 4255 852 4296 cum
867 4240 927 4311 ejus
949 4240 1088 4311 laesione,
1140 4237 1167 4294 di
1179 4238 1229 4294 sibi
1246 4246 1320 4294 esset
1338 4238 1398 4307 eius
1413 4236 1486 4309 luga,
1500 4251 1581 4308 quem
1603 4244 1698 4291 tenere
1719 4237 1783 4293 sine
1795 4251 1846 4291 suo
1860 4232 1929 4291 exitio

285 4338 445 4387 inemoratae
460 4330 534 4387 urbis
550 4330 680 4402 populum
695 4317 805 4386 excitari
820 4334 855 4387 ad
871 4331 972 4389 bellurn
987 4332 1090 4404 Vespa·
1141 4347 1194 4387 non
1210 4340 1331 4402 possent.
1347 4330 1396 4387 llle
1409 4330 1543 4387 dilatione
1553 4329 1680 4386 vindictas
1693 4330 1864 4397 consolatus,
1877 4343 1928 4385 cnr·

283 4423 582 4494 sinnascomperisset,
599 4440 632 4480 ne
648 4424 898 4481 tutumexerciturn
913 4424 1086 4497 defatigaret,
1141 4424 1266 4479 summati
1289 4424 1390 4495 negotii
1417 4421 1574 4491 celeritate,
1597 4421 1632 4477 ad
1655 4421 1928 4495 comprehendendae

283 4514 368 4572 lilium
380 4516 471 4573 Τιιιιι
487 4532 549 4573 cum
562 4516 637 4573 rnille
655 4517 792 4587 equitibus
802 4518 912 4587 direxit,
930 4522 1029 4592 quibus
1043 4536 1089 4578 co·
1141 4516 1274 4573 ιιιιιιιι
1284 4532 1300 4574 ι
1312 4514 1428 4589 vestigio
1441 4514 1575 4588 plurimos
1589 4516 1672 4586 misit,
1689 4516 1793 4573 silorte
1804 4531 1865 4573 enm
1876 4529 1929 4569 rou·

285 4610 398 4665 mitatus
414 4610 558 4666 adurbem
580 4608 816 4682 appropinquavit.
846 4610 900 4669 Sed
926 4614 971 4669 ubi
996 4594 1329 4683 murostequereutur.
1353 4611 1415 4683 lpse
1441 4609 1536 4667 urbem
1567 4611 1723 4682 ingressus,
1751 4610 1833 4667 minis
1857 4608 1929 4680 magis
1997 4647 1999 4656 .

287 4702 387 4773 populo
403 4702 471 4758 vidit
496 4702 623 4771 relertos,
649 4704 741 4759 mirari
766 4719 796 4760 se
821 4705 870 4773 ait,
894 4706 965 4778 quud
994 4722 1088 4765 eorum
1140 4723 1220 4780 quam
1235 4704 1503 4779 supplicioallecisse
1519 4715 1664 4762 contentus
1680 4705 1757 4777 pacis
1771 4704 1928 4778 perturbate

285 4796 439 4865 erernplnm
454 4808 633 4867 sequerentur
646 4796 679 4852 ad
694 4798 893 4868 rebellandum,
910 4816 1025 4870 qnornvn
1041 4817 1089 4859 er·
1141 4815 1196 4867 res,
1212 4799 1319 4856 remisit
1336 4799 1477 4866 omnibus,
1498 4814 1533 4855 ne
1545 4799 1606 4871 quis
1620 4798 1662 4856 tel
1680 4797 1757 4869 odio,
1771 4799 1817 4856 vel
1835 4798 1927 4856 tons·

285 4886 357 4943 cidiu
372 4888 532 4957 resipiscere
555 4888 722 4946 debuissent.
739 4889 806 4946 Esto
827 4902 935 4958 tamen,
953 4902 983 4949 ut
1001 4896 1089 4966 primo
1141 4896 1202 4952 tiris
1216 4895 1350 4952 excitatus
1364 4894 1490 4966 negotiis,
1514 4892 1641 4950 innoxios
1656 4893 1685 4948 in
1705 4891 1836 4949 invidiam
1858 4889 1927 4947 dedu

285 4988 453 5036 tentamenta
477 4981 621 5039 inbuerint
644 4982 747 5055 aliquid
771 4988 1006 5057 praesumptionis,
1023 4988 1087 5060 quid
1139 4983 1239 5055 ceret,
1253 4998 1281 5046 et
1303 4989 1456 5062 gravissimi
1481 4988 1604 5045 criminis
1630 4986 1754 5059 pulsaret
1778 4988 1924 5045 atrocitate:

287 5073 476 5130 universorum
501 5073 583 5130 exitia
606 5077 665 5146 spei
687 5076 811 5133 lerrenti
840 5078 990 5136 Veniabilis
1014 5090 1089 5137 oeric
1139 5099 1200 5141 cunt
1216 5082 1301 5139 multo
1312 5082 1482 5139 tolerabilius
1492 5080 1528 5137 sit
1540 5080 1661 5153 id,squod
1673 5080 1869 5149 incertumest,
1883 5077 1925 5132 lor·

287 5165 371 5223 inerit
381 5166 407 5222 ιι
421 5166 554 5237 principio
568 5182 631 5239 spes
642 5168 774 5225 libertatis
787 5186 794 5223 :
808 5169 984 5227 inexorabilis
997 5182 1087 5229 ιιιιιι
1139 5175 1235 5231 midini
1263 5173 1402 5246 participis
1424 5174 1601 5231 coruscientiae
1624 5171 1834 5245 derelinquere,
1859 5183 1923 5243 quam

286 5268 329 5317 est
345 5260 371 5314 in
387 5258 489 5314 ultimis
501 5257 687 5328 etdesperavis
700 5260 782 5317 rebus
793 5264 1008 5333 perseverantia.
1020 5263 1087 5321 Natu
1138 5267 1321 5324 condemnare
1344 5266 1494 5323 innoxium.
1523 5267 1603 5339 Saepe
1628 5266 1703 5323 euim
1727 5282 1806 5323 reum
1831 5260 1923 5333 mnigit

287 5350 334 5424 ιιι
349 5366 401 5407 ιιι
415 5348 542 5419 exemplo
558 5349 807 5417 lrumanitatis,non
830 5353 927 5410 sedulo
941 5356 1086 5413 verborum
1139 5372 1247 5418 metus:
1272 5376 1351 5431 prena
1375 5368 1465 5417 autern
1486 5360 1638 5417 innocentis
1663 5360 1724 5416 sine
1743 5359 1800 5416 ullu
1820 5355 1922 5416 seutella

287 5446 390 5500 ιιιιιιι
402 5443 559 5509 destitutum
569 5442 714 5499 adversum
730 5460 789 5513 eus,
807 5462 860 5503 non
873 5448 966 5517 verba,
979 5449 1028 5506 sed
1043 5465 1088 5505 ar·
1138 5454 1318 5512 correctionis
1330 5462 1382 5511 est.
1395 5452 1515 5511 loanrves
1531 5454 1622 5526 itaque
1639 5468 1695 5509 non
1709 5462 1751 5510 est
1764 5446 1922 5525 reportasti

286 5554 328 5594 ma
346 5541 496 5596 necessaria
520 5547 593 5597 ιιιι.
624 5538 707 5595 llrtris
734 5539 816 5597 luditis
839 5544 914 5612 quasi
941 5543 1085 5600 adversum
1140 5548 1181 5603 lris
1197 5562 1266 5619 quos
1280 5546 1419 5603 direxerat
1429 5544 1507 5603 'litus
1521 5564 1528 5601 ε
1543 5545 1590 5602 sed
1609 5546 1711 5616 reperti
1724 5544 1772 5617 qni
1790 5542 1921 5616 sequebar·

285 5624 467 5682 Romanarum
493 5628 608 5684 virtutes
636 5627 696 5683 illos
719 5628 898 5699 βιθιθιθιίιιι.
920 5628 989 5697 Qtlld
1012 5630 1084 5687 allud
1139 5652 1183 5716 tuq·
1194 5656 1269 5707 eum,
1281 5642 1387 5712 parvuli
1402 5642 1445 5697 ιρι
1457 5641 1595 5709 mulieres,
1608 5640 1642 5697 ad
1656 5638 1712 5697 duo
1727 5639 1809 5696 millia
1822 5637 1875 5715 fere
1885 5636 1918 5697 ιι·

285 5721 504 5872 ιοιιὲιῑὶιιιιι
529 5721 671 5874 ιΒιιιιιιι,
693 5716 867 5794 circumsepti
891 5723 1082 5797 pretendere,
1137 5733 1259 5794 teriecti.
1273 5736 1323 5790 tria
1342 5734 1424 5792 miliia
1451 5745 1542 5792 autern
1556 5734 1672 5791 infirmae
1690 5737 1780 5793 etatis
1793 5741 1821 5792 et
1839 5740 1913 5792 seron

319 5822 332 5850 ⁸
377 5826 419 5871 ιιι
435 5820 522 5873 untur.
561 5830 621 5875 ιιι.
