4075 6359
281 299 355 361 tiss
966 297 1091 357 studit
1111 297 1272 359 usedomi
1859 303 1913 362 ttst

282 417 371 472 sarius
395 423 457 481 cst,
483 413 554 488 gtrod
579 414 660 471 tande
679 415 868 486 ingruentibus
890 413 1018 488 populis,
1043 421 1084 472 tot
1096 422 1123 486 Α
1136 415 1318 488 properabant
1331 416 1450 472 dnmmis
1462 417 1619 475 subduccre
1634 436 1641 473 ι
1657 418 1702 475 isti
1722 417 1814 476 adhue
1830 432 1913 494 sparge

282 510 443 582 sagittnrtrm
456 508 570 579 iaculis,
588 515 628 564 tol
638 508 780 565 ruentibus
793 507 922 578 spiculis,
936 505 1086 564 nullusluil
1137 508 1205 566 bant
1216 508 1353 566 incendia.
1365 507 1445 566 {Inde
1457 509 1667 584 comprehensis
1680 511 1872 584 cortinaeque
1884 517 1914 570 uri

281 601 376 658 lethali
398 600 504 660 uulneri
529 601 614 657 locus.
637 599 790 658 Periculum
813 602 903 674 itaque
917 601 1087 657 rirtusattn·
1135 608 1272 674 poterant,
1285 600 1425 659 Romanos
1444 601 1561 659 damtune
1573 603 1860 668 rtrcrrnrattsreranr,
1877 606 1915 662 nisi

283 695 368 762 lernt,
385 701 499 752 mortem
525 708 633 766 quoqne
647 692 776 750 alacritas
791 695 945 763 intexeret,
962 693 984 748 si
1003 708 1087 749 eren·
1136 702 1242 751 mature
1254 694 1468 752 consuluissent.
1486 694 1627 754 instabant
1638 698 1713 754 enim
1727 695 1917 760 acriterludar'¹

285 796 329 844 tns
345 789 489 845 bellantem
513 787 691 845 deseruisset.
705 789 822 860 ingressi
846 798 909 845 sunt
922 787 1086 845 blacedoues
1136 799 1218 860 atoue
1236 788 1287 846 lroc
1301 791 1360 860 ipso
1375 789 1485 862 quodie
1504 801 1625 864 caparte
1637 799 1754 849 conotus
1774 791 1863 846 irritos
1873 809 1915 850 not

283 890 414 953 prorupta
440 890 534 951 portn;
566 881 606 937 sic
629 880 769 938 temeritas
795 881 937 938 uictoriam
964 880 1085 947 inuenit,
1136 882 1607 952 habuerant,snccessusandaciam
1625 883 1730 942 alebat.
1745 885 1918 956 tumtunm

283 984 312 1030 et
325 983 439 1031 erentes
453 973 604 1044 periculum
620 973 647 1030 in
663 972 777 1047 gloriam
800 975 892 1031 vertit.
907 972 1007 1030 llustcr
1018 987 1087 1044 quo-
1136 977 1258 1033 contenti
1268 975 1324 1048 jatn
1344 977 1523 1035 munimentis
1541 977 1703 1044 muralibus,
1730 977 1804 1034 ultre
1828 993 1921 1050 progre-

284 1085 338 1141 tgue
353 1069 438 1126 David
458 1083 520 1126 eum
543 1076 677 1142 pugnaret
689 1068 834 1126 adversum
858 1068 1001 1141 gigantes,
1014 1077 1029 1106 ¹
1044 1066 1088 1122 in·
1136 1065 1294 1137 dicltentor,
1308 1077 1391 1140 atque
1404 1069 1480 1142 ipsas
1493 1069 1680 1127 Romanorum
1695 1071 1922 1128 incessebanteas

283 1174 378 1222 rectus
397 1163 425 1220 in
443 1163 548 1221 hostem
569 1170 673 1236 atergu
687 1177 876 1236 percussorem
892 1160 1024 1227 hahebat;
1037 1158 1087 1216 sod
1138 1159 1236 1226 indias,
1251 1168 1281 1218 et
1291 1159 1324 1216 ad
1336 1160 1481 1218 castellum
1495 1161 1523 1217 in
1535 1175 1592 1236 guo
1605 1161 1815 1235 prseteudebaut
1826 1161 1923 1219 ttenau

283 1257 428 1314 librantem
439 1258 510 1314 ictus
521 1271 584 1314 suos
594 1257 768 1328 eomesregis
781 1255 873 1313 Abisai
888 1251 1088 1328 prevertere-
1137 1256 1362 1326 ultroeuersum,
1375 1266 1566 1328 perrexerant.
1581 1257 1678 1316 lituisi
1691 1258 1812 1316 limuani
1825 1259 1925 1316 nominis

283 1366 343 1410 rum
355 1351 540 1410 Alexandrum
555 1351 808 1416 eventusserrarit,
821 1347 1085 1423 prophetamgratia.
1135 1351 1223 1422 gloria
1235 1363 1263 1410 et
1277 1351 1380 1410 militie
1393 1362 1469 1411 retus
1482 1353 1636 1426 disciplina,
1650 1369 1713 1426 gnae
1730 1354 1828 1411 munia
1848 1353 1926 1424 hujus

580 1443 696 1501 Gellii
716 1442 776 1501 lix.
1139 1445 1213 1502 modi
1232 1445 1360 1504 deserere
1382 1445 1516 1520 grartorir
1538 1461 1626 1519 peenas
1646 1457 1757 1504 arceret
1778 1445 1924 1510 tormidine,

318 1537 440 1598 Cedente
453 1539 545 1612 itaque
565 1537 695 1596 Antiochi
710 1537 783 1610 regis
801 1535 949 1609 Conrageni
971 1536 1040 1603 litio,
1059 1544 1088 1592 et
1140 1537 1296 1598 terentibus
1304 1541 1524 1613 repugnavisset,
1537 1549 1740 1613 expugnatores
1764 1541 1873 1597 urbium
1886 1538 1927 1611 ipi

283 1643 468 1709 cognoscente
479 1649 532 1690 nun
543 1631 616 1706 quod
625 1631 791 1698 formidinis,
802 1630 852 1688 sed
863 1630 1000 1688 cautionis
1013 1635 1088 1686 esset
1138 1631 1258 1704 propriis
1268 1632 1626 1690 cesserantmunitionibus.
1639 1633 1829 1706 llersaitague
1838 1635 1927 1704 speeies

284 1728 401 1786 lioruani
416 1726 554 1785 exercitus
569 1739 703 1798 perpensa
720 1724 882 1792 ruoderatio,
897 1731 928 1779 ut
942 1722 1088 1795 aggeribus
1139 1725 1214 1792 helii,
1234 1736 1262 1782 et
1282 1740 1347 1783 usus
1372 1725 1525 1784 obsidionis
1544 1743 1552 1782 r
1571 1725 1729 1798 catapultis,
1747 1735 1779 1782 et
1797 1727 1928 1782 velocioris
1979 1776 1980 1785 ,

285 1832 314 1882 et
327 1823 425 1892 tineis,
437 1823 568 1881 arietibus
580 1837 688 1895 quoque
698 1829 725 1879 ct
737 1819 845 1878 ceteris
860 1819 1087 1876 machinamentis
1102 1815 1126 1877 B
1139 1817 1250 1890 generis
1263 1816 1364 1887 jaculis
1378 1831 1439 1875 sese
1451 1816 1630 1874 defensabant
1641 1815 1772 1885 llumani,
1793 1826 1824 1873 ιιι
1835 1816 1928 1874 ludens

287 1933 395 1974 murum
411 1915 595 1985 adorirentur,
611 1916 824 1974 exstruebantur
832 1929 946 1986 aggeres
965 1929 1013 1986 per
1036 1928 1090 1968 nu·
1141 1913 1322 1986 repellerent,
1336 1926 1391 1986 qno
1401 1911 1468 1984 ipsis
1476 1923 1542 1970 arrte
1554 1928 1656 1985 genere
1665 1913 1860 1971 resistebatur.
1873 1915 1930 1971 buce

287 2025 380 2068 meros
401 2025 486 2083 opere
510 2009 600 2067 diviso
615 2028 621 2064 :
637 2008 768 2082 precipui
789 2018 910 2080 quatrrnr
933 2007 1090 2064 insurrcxc·
1140 2023 1202 2080 qne
1221 2006 1299 2064 Titus
1316 2005 1438 2075 advenit,
1459 2007 1580 2066 elamore
1600 2009 1720 2079 excitus,
1742 2018 1776 2066 et
1793 2011 1930 2067 accersitus

287 2113 364 2172 rant,
379 2104 527 2175 exquibus
542 2119 612 2159 uerus
632 2117 648 2160 e
661 2102 775 2174 regione
790 2099 952 2157 munitionis
964 2098 1025 2174 (cui
1041 2112 1090 2154 uo·
1140 2101 1175 2162 ad
1193 2101 1360 2170 remedium
1374 2103 1646 2160 {iomaniscontinrto
1660 2105 1734 2160 vires
1753 2103 1858 2161 additae
1874 2120 1931 2176 pn.

289 2218 352 2260 men
378 2197 513 2272 Antonia)
535 2213 583 2272 per
608 2195 725 2254 mediam
749 2194 848 2252 ductus
862 2202 921 2250 crat
944 2193 1089 2264 piscinam,
1140 2194 1351 2260 senteCarsare,
1364 2203 1393 2252 et
1412 2195 1499 2267 pudor
1518 2194 1587 2251 aluit
1609 2195 1779 2252 audaciam:
1804 2196 1929 2253 clamante

286 2311 368 2368 quam
384 2294 536 2353 Strutltiam
556 2289 703 2348 vocabunt.
721 2287 800 2344 llune
822 2301 949 2360 aggerent
976 2284 1090 2356 quintus
1141 2287 1203 2346 'lito
1225 2304 1307 2361 grave
1331 2287 1447 2346 Romani
1467 2289 1586 2345 nominis
1604 2288 1802 2361 opprobrium,
1822 2290 1845 2345 si
1866 2305 1930 2346 ressa

287 2404 420 2448 uumerus
433 2387 544 2459 triginta
563 2383 718 2442 cubitorum
742 2380 769 2437 in
785 2379 956 2437 altitudinem
974 2376 1091 2444 lecerat,
1142 2381 1202 2438 rice
1215 2395 1280 2438 snos
1294 2381 1464 2449 amitterent,
1478 2380 1577 2453 quihus
1593 2379 1650 2452 iam
1664 2381 1786 2439 hostium
1810 2383 1878 2439 muri
1895 2381 1930 2452 gal

286 2482 363 2552 juxta
377 2475 671 2549 loannissepulcrum.
685 2473 790 2544 Quibus
804 2490 819 2530 e
833 2471 945 2529 diverso
970 2469 1091 2528 loannes
1141 2472 1326 2541 diruerentur,
1346 2473 1506 2531 deiecerant
1527 2491 1535 2532 e
1555 2472 1715 2532 diffidentes
1727 2474 1843 2532 dedens
1856 2475 1931 2532 muni

288 2579 417 2649 princeps
442 2574 611 2632 seditionum
623 2569 780 2629 cuniculum
797 2566 919 2635 suilodit;
947 2575 975 2622 et
990 2565 1092 2622 Roma·
1141 2565 1273 2633 tionibus,
1292 2564 1352 2622 sola
1372 2565 1421 2622 niti
1436 2565 1591 2622 temeritate
1605 2583 1612 2620 r
1626 2574 1733 2623 starcru
1755 2565 1930 2623 tantumnodo

287 2688 386 2730 urorum
400 2685 483 2742 opera
507 2665 653 2740 suspendit
667 2682 674 2720 :
688 2662 878 2736 ignorantibus
894 2660 949 2728 his,
963 2657 1033 2730 butri
1052 2657 1091 2714 la·
1142 2655 1270 2726 Romani,
1285 2657 1426 2715 uictoriam
1442 2672 1496 2714 uon
1511 2656 1678 2714 detererem.
1695 2656 1794 2730 ltatgtte
1811 2657 1931 2714 hortando
1981 2682 1982 2701 r

289 2767 359 2824 tenti
372 2761 500 2821 cuniculo
514 2758 601 2817 iudei
616 2757 763 2814 machinati
779 2755 881 2823 forent,
904 2751 967 2824 quia
983 2749 1092 2806 luituris
1142 2748 1245 2821 pariter
1260 2763 1292 2804 nc
1313 2749 1464 2820 preliaudo
1476 2748 1555 2806 'l'itns
1569 2750 1665 2806 statuit
1678 2764 1757 2816 suos,
1771 2750 1874 2808 auertit
1893 2748 1930 2805 lt·

289 2859 442 2915 tabularum
459 2853 574 2913 materia
589 2867 668 2926 ecque
688 2849 822 2922 sulrjecta,
845 2847 987 2918 superiora
1013 2842 1091 2900 cuni·
1141 2841 1227 2911 deos,
1248 2842 1293 2912 qui
1308 2842 1462 2899 noneolurn
1476 2841 1576 2898 animis
1596 2841 1633 2898 ad
1646 2851 1762 2898 mortem
1786 2839 1930 2913 parati,sed

288 2952 414 3009 culorum
428 2947 641 3022 suspenderant,
658 2945 731 3000 lraus
748 2942 838 3000 omnis
860 2941 971 2998 latebat.
998 2937 1092 3009 ltaque
1142 2937 1202 3008 ipso
1223 2939 1284 2994 uiso
1303 2937 1429 3010 corporis
1452 2937 1627 3010 ingruebant,
1648 2945 1680 2993 ut
1699 2936 1843 2994 Romanos
1860 2934 1930 3007 grado

289 3047 336 3103 nbi
346 3043 537 3118 opportunitas
547 3042 617 3109 risa,
631 3039 721 3111 ignem
741 3049 906 3110 apposuere,
922 3032 968 3105 qui
982 3029 1091 3087 adultus
1142 3039 1294 3085 moverent.
1305 3027 1362 3086 Nec
1373 3027 1512 3086 mediocre
1521 3029 1573 3085 tuit
1583 3028 1734 3101 periculum
1743 3029 1864 3086 Caesaris
1874 3027 1931 3083 inter

289 3139 421 3212 sulphure
435 3148 462 3196 et
474 3136 545 3209 pice,
557 3133 657 3207 qtrihus
668 3130 736 3187 illita
747 3136 808 3187 erat
829 3126 959 3184 materies
968 3139 1029 3199 que
1040 3119 1093 3179 lul·
1141 3119 1255 3176 confusa
1278 3121 1381 3188 omnia,
1403 3135 1465 3177 cnm
1478 3120 1513 3177 ab
1529 3120 1610 3178 hoste
1631 3121 1726 3178 socius
1738 3136 1796 3178 non
1807 3120 1931 3179 discens

289 3245 377 3290 turam
393 3229 523 3288 cuniculo
538 3226 632 3294 dabat,
647 3225 720 3298 ligna
744 3223 837 3279 omnia
860 3217 939 3277 facilc
961 3231 1092 3303 consum·
1104 3214 1130 3280 C
1144 3226 1240 3272 retur:
1257 3217 1329 3272 inter
1349 3231 1409 3288 qnae
1423 3215 1502 3273 'litus
1515 3216 1543 3273 in
1557 3216 1648 3273 medio
1657 3217 1842 3274 versabatur:
1857 3213 1931 3270 audax

289 3321 521 3395 psitinccndium,
533 3319 719 3390 subjectorum
731 3317 811 3372 ruina
823 3323 916 3370 secuta
930 3319 982 3370 est.
997 3309 1092 3382 ltaque
1141 3306 1267 3379 juventa,
1281 3316 1310 3365 ct
1321 3308 1416 3380 gloriae
1425 3308 1576 3381 cupiditate
1589 3309 1624 3366 ad
1649 3310 1833 3383 praeliandum
1845 3310 1931 3374 aerion

291 3421 475 3475 itomanurum
490 3429 574 3486 opera
594 3411 685 3468 subito
704 3411 791 3482 lapsa,
812 3406 932 3464 sonitum
951 3405 1092 3477 ingentem
1143 3413 1198 3470 ouo
1219 3398 1337 3458 celerius
1360 3401 1473 3458 victoria
1495 3413 1750 3472 consummaretur,
1770 3405 1801 3462 in
1820 3403 1931 3462 secundis

290 3509 402 3568 dedere.
416 3507 532 3566 Pulvere
542 3506 633 3578 itaque
645 3514 674 3560 ct
686 3501 763 3558 lumo
773 3499 878 3572 repleta
889 3497 993 3565 omnia,
1005 3495 1093 3569 pluri·
1143 3491 1272 3565 triumplri
1288 3507 1393 3566 ponens
1405 3507 1500 3552 curam
1513 3493 1620 3552 salutis.

291 3619 366 3661 nrum
376 3601 551 3660 tenebrarum
563 3595 745 3662 obduxerant,
757 3592 946 3665 majoremque
956 3597 1091 3648 terrorem
1436 3586 1553 3647 ChPll'l'
1573 3588 1646 3647 lixi.
1704 3649 1709 3657 ,

290 3697 437 3756 induxerat
473 3694 561 3750 latens
595 3704 686 3747 causa.
715 3686 818 3744 Deinde
848 3686 892 3742 ubi
922 3682 1092 3754 consumptis
1181 3677 1306 3751 boprrlsis
1332 3688 1423 3738 tantm
1447 3679 1571 3739 hostibus
1591 3697 1694 3755 anceps
1715 3684 1880 3743 consiliunt:
1895 3681 1930 3740 alii

290 3791 429 3849 alimentis
444 3787 552 3846 ceteris
569 3784 668 3858 quibus
691 3781 779 3853 primo
801 3788 914 3852 opertus
934 3787 1005 3844 erat,
1023 3776 1092 3833 liber
1144 3771 1469 3848 relornrandosaggeres,
1483 3776 1637 3848 reparanda
1649 3779 1871 3838 machinamenta
1882 3795 1930 3835 mu·
1983 3848 1984 3851 Ἴ

291 3896 386 3960 postea
400 3885 469 3958 ignis
479 3881 580 3955 erupit,
606 3877 699 3936 dolum
721 3875 853 3948 prodidit,
869 3881 898 3932 et
910 3871 1043 3930 Romanis
1057 3868 1092 3929 ad
1144 3869 1210 3926 ralia
1223 3868 1405 3942 opinabantur
1420 3890 1427 3926 :
1441 3871 1486 3928 alii
1500 3871 1686 3932 absistendum
1702 3875 1855 3934 obsidionis
1872 3874 1931 3948 peti·

292 3995 413 4053 praesens
426 3976 535 4050 quidem
549 3971 666 4031 lormidu
678 3969 793 4042 periculi
805 3967 950 4034 diminuta,
964 3965 1011 4022 sed
1029 3980 1094 4021 era·
1143 3964 1215 4022 etrlis
1223 3967 1407 4038 suggerebant
1418 3985 1425 4022 ε
1436 3966 1534 4026 deesse
1542 3968 1687 4042 reparandi
1698 3972 1931 4030 materiamaoom·

291 4075 364 4131 cuati
386 4071 489 4129 loboris
507 4081 590 4142 graue
614 4063 748 4122 successit
770 4060 896 4126 taedium;
912 4058 995 4116 simul
1018 4055 1094 4129 quud
1145 4073 1228 4116 mune
1248 4075 1311 4117 cum
1327 4072 1338 4101 ⁰
1352 4060 1446 4120 multis
1470 4062 1621 4135 periculum
1641 4080 1743 4122 :muro
1767 4066 1931 4125 claudendam

292 4166 461 4226 insultabunt
484 4161 582 4231 iudei,
598 4174 652 4216 non
678 4154 827 4214 mediocris
841 4152 959 4226 augebat
980 4149 1068 4223 pudor
1084 4165 1092 4204 ι
1144 4153 1240 4212 urbem
1251 4156 1406 4213 consultius
1418 4157 1633 4225 arbitrabantur,
1646 4168 1677 4216 ut
1690 4161 1840 4218 conticeret
1850 4161 1930 4222 tene.

292 4269 320 4319 et
337 4260 363 4316 in
376 4259 511 4328 reliquum
526 4251 653 4326 parandae
667 4246 875 4321 expugnationis
890 4257 954 4316 spes
974 4241 1092 4299 refrixit·
1143 4247 1262 4307 delectis
1283 4251 1413 4308 subsidiis
1434 4252 1637 4311 alimentorum.
1662 4254 1932 4328 Praeponderarithe-

293 4359 329 4413 ht
343 4356 370 4411 in
386 4361 465 4426 parte
479 4348 531 4406 alia
553 4346 635 4406 biduo
657 4350 729 4416 post,
741 4356 802 4398 cem
815 4338 872 4412 iam
898 4350 993 4393 murus
1007 4336 1094 4392 ariete
1142 4340 1263 4413 jusmodi
1286 4345 1434 4414 sententia,
1450 4354 1481 4404 ut
1494 4345 1702 4419 clauderentur,
1714 4364 1751 4407 ne
1771 4350 1873 4408 liberos
1892 4363 1931 4406 ex·

292 4455 464 4519 quateretur,
477 4440 619 4513 'leptheus
630 4435 665 4494 de
677 4432 802 4499 Galilaea,
815 4429 996 4502 llagassnlns,
1007 4435 1036 4484 et
1048 4426 1094 4485 lt·
1145 4449 1243 4492 cursus
1266 4434 1410 4505 haberent,
1435 4453 1491 4510 guo
1515 4439 1633 4512 amplios
1646 4449 1675 4499 et
1688 4441 1879 4514 desperatione
1899 4439 1931 4496 lte

293 4541 391 4608 benus,
406 4548 434 4597 et
453 4538 559 4610 hgyrus
572 4531 687 4603 direptis
699 4527 805 4585 lacibus
824 4527 851 4582 itt
873 4523 1092 4582 machinamenta
1145 4527 1247 4600 giendi,
1272 4538 1300 4586 et
1323 4529 1473 4603 indigentia
1508 4531 1562 4590 cibi
1595 4535 1809 4593 conicerentur.
1844 4532 1931 4592 Divisis

292 4631 407 4689 tnuralia
420 4629 616 4703 prosiluerunt.
632 4622 706 4682 Nihil
727 4620 769 4678 his
782 4619 849 4676 tiris
870 4616 1011 4685 audacius,
1027 4614 1095 4671 rrilril
1107 4619 1135 4682 1)
1148 4619 1265 4694 itaqued
1285 4637 1336 4694 per
1349 4637 1492 4682 numerum
1515 4625 1696 4696 portionibus,
1721 4642 1839 4700 propere
1852 4638 1931 4684 mutus

294 4727 443 4785 terribilius
454 4741 489 4783 eo
507 4723 580 4781 bello
600 4719 714 4778 exurite
729 4718 757 4774 in
776 4716 883 4773 hostem
899 4711 1041 4785 processit.
1064 4710 1094 4767 lu
1146 4717 1278 4784 surrexit,
1293 4731 1349 4787 guo
1374 4733 1422 4791 per
1436 4717 1579 4776 circuitum
1592 4731 1702 4780 omnem
1722 4720 1827 4779 Inclusa
1843 4730 1884 4789 est
1900 4719 1931 4776 ei·

297 4821 415 4878 rnedium
431 4833 546 4892 namque
565 4815 684 4872 hostium
706 4817 871 4885 proruentes
895 4823 950 4863 non
974 4804 1097 4876 trepida·
1146 4811 1228 4868 uitas.
1245 4809 1393 4870 Distribuit
1403 4811 1492 4869 oidcia
1507 4812 1565 4870 suis
1577 4811 1680 4883 Cesar,
1695 4820 1727 4869 nt
1740 4815 1865 4873 noctibus
1876 4827 1931 4885 guo

296 4921 404 4981 veruti,
416 4928 470 4970 ¹¹⁰⁰
484 4915 710 4975 retracfflvefflssb
722 4903 772 4962 sed
782 4914 910 4974 lisslssiffl
919 4899 1094 4957 similiarium
1145 4922 1200 4979 oue
1213 4905 1386 4963 custodiendi
1408 4906 1484 4966 tices
1498 4923 1553 4965 oon
1567 4909 1739 4967 omitterent.
1756 4910 1846 4969 Prima
1855 4907 1930 4981 vigilia

208 5069 211 5076 ,
296 5022 408 5065 suorum
427 5003 573 5062 consortiis
594 4997 741 5066 imtttortsti,
763 5010 818 5054 11011
831 5003 895 5050 aitte
915 4990 1095 5048 remeandum
1146 4999 1206 5072 ipse
1225 4999 1345 5057 obeundi
1369 4998 1492 5073 gingulog
1510 5001 1697 5060 custodiarum
1721 5003 1834 5062 (gg-dines
1853 5000 1930 5060 mppria

296 5107 443 5176 putarent,
458 5112 519 5154 cum
541 5095 660 5165 undique
679 5093 706 5148 in
721 5105 769 5147 eos
779 5089 848 5162 pila,
860 5087 976 5160 sagitte,
989 5085 1093 5156 spicula
1146 5093 1280 5150 curabat:
1303 5093 1451 5150 secundam
1466 5093 1586 5167 uigiliam
1613 5095 1773 5154 hloxandro
1786 5094 1928 5170 deputarit:

294 5196 461 5266 jacerentur,
486 5203 566 5262 quatu
581 5185 713 5257 subjectis
726 5183 834 5256 ignibus
854 5180 998 5237 adolerent
1021 5179 1095 5236 obsi·
1147 5187 1266 5260 denique
1283 5203 1333 5259 [ier
1347 5186 1473 5245 ordinem
1493 5188 1612 5246 tribunis
1626 5189 1730 5261 (prout
1743 5189 1872 5264 cujusque
1882 5192 1930 5245 ersi

295 5287 406 5344 dialium
420 5286 599 5342 instrumenta
613 5277 811 5336 machinarum.
826 5273 1094 5346 Conettrsusingens
1147 5281 1260 5338 solertia
1282 5279 1443 5356 comperte)
1465 5283 1546 5358 vicer-
1566 5283 1711 5341 mandata.
1735 5282 1861 5343 &mettin
1883 5289 1930 5340 erat

295 5377 410 5434 llomnni
422 5374 571 5440 exercitus,
584 5379 614 5427 ut
627 5369 782 5426 incendium
795 5367 1031 5440 restingueretur:
1046 5364 1095 5423 Jtt·
1147 5391 1243 5433 murus
1256 5391 1305 5448 per
1315 5376 1463 5435 intervella
1476 5376 1607 5447 inmens,
1622 5377 1651 5434 tn
1665 5377 1710 5437 1115
1722 5394 1821 5438 manu,
1830 5379 1928 5437 mittum

295 5470 535 5541 deorumnuoque
549 5465 694 5522 clamores
707 5458 826 5517 studium
847 5475 902 5532 quo
915 5461 1095 5516 srrbtexerent
1147 5467 1355 5540 praetendebat:
1370 5467 1469 5540 vigiles
1491 5485 1524 5527 ex
1538 5484 1617 5542 aequo
1636 5468 1689 5526 sihi
1709 5483 1824 5528 somnos
1837 5479 1863 5528 et
1874 5478 1929 5525 tec-

295 5564 501 5640 impcdimenta,
521 5556 652 5618 llemauis
664 5570 699 5613 ne
711 5553 911 5612 subueniretur.
928 5552 971 5611 llli
992 5553 1094 5612 artetes
1147 5573 1214 5632 pora
1228 5558 1384 5632 uigiliarum
1395 5560 1590 5618 sortiebantur.
1604 5558 1794 5621 circumibant
1802 5557 1929 5622 mommtil

332 5761 346 5792 ⁸
365 5749 494 5808 intentus.
509 5745 598 5806 liam.
1189 5753 1201 5782 ⁰
1223 5742 1317 5800 Victis.
1333 5743 1395 5802 llox
1418 5745 1543 5818 mixtos.
1559 5743 1597 5804 ln.

331 5821 346 5864 b
367 5823 448 5892 Quid.
461 5821 501 5878 lb.
1187 5811 1201 5853 ‘¹
1224 5813 1277 5872 l'cr
1288 5833 1420 5875 nanterus.
1434 5816 1473 5874 lo.
