4075 6359
280 350 353 411 2⁰90
953 350 1077 411 sellom
1094 350 1261 411 nonusis
1861 348 1913 407 llll

282 467 503 529 Prmrnotsnrin
518 467 687 539 torsqisuulne
710 466 822 540 triginta
847 466 960 535 stadiis,
979 469 1008 525 ia
1020 468 1084 525 lati·
1094 468 1122 535 Δ
1134 468 1203 526 oslor
1213 512 1221 536 ,
1233 470 1388 526 tetemimus
1404 468 1476 527 letor
1494 472 1630 529 tororum.
1646 470 1709 529 Ser
1729 470 1816 527 saillis
1832 469 1915 528 letes

283 562 378 621 tudine
393 560 497 635 viqimi.
509 560 644 629 Quoniam
659 560 694 619 de
704 568 800 617 natura
815 558 868 617 loci
892 558 1011 618 diximus
1023 600 1032 625 ‚
1046 560 1082 617 sl
1134 576 1194 617 rum
1204 560 1280 630 (cum
1304 562 1494 633 superioribus
1521 562 1626 636 manen)
1638 562 1700 619 etl»
1721 564 1916 634 septingenties

283 654 548 715 consummationem
573 652 659 723 pratil
690 651 887 723 repensentur.
920 650 1084 723 Prsepnrstis
1135 654 1290 725 interempti
1310 654 1731 729 praeltevtesorvespassrnus
1745 654 1919 715 Tariebeasre

282 746 377 823 itaque
390 748 505 813 ratibus,
517 745 669 805 secundum
681 754 850 817 praeceptum
865 759 956 813 suurn,
973 759 1084 803 manum
1136 748 1265 805 vertitur:
1290 749 1347 805 illic
1360 750 1480 821 reqionis
1500 752 1631 821 populum
1652 750 1694 805 als
1717 749 1825 805 arbem
1840 750 1921 807 uisse·

282 842 430 899 militarem
454 840 584 909 imposuit
610 838 812 911 Vespasianus,
837 838 882 911 qni
903 839 1085 896 insectaretur
1136 842 1341 913 nerepsraba13
1356 844 1443 914 utqui
1459 843 1782 899 nouisrersmsnetores
1805 841 1922 899 mitaris

283 952 331 997 eos
342 938 389 1009 qui
410 935 581 1011 navigiorum
597 933 697 1005 effusio
717 942 820 1005 pestem
836 943 991 991 evaserant.
1014 931 1085 1002 Ouid
1136 945 1356 993 resonaremus.
1370 935 1424 993 Sesl
1438 936 1619 1007 plurimorum
1631 934 1771 1002 coasilio,
1786 934 1833 1004 qui
1844 944 1923 991 baum

285 1032 366 1103 igitur
381 1028 514 1097 lacerent,
529 1043 584 1085 non
599 1027 783 1097 reperiebant.
798 1025 932 1083 Nullusin
948 1026 1031 1083 terris
1045 1041 1088 1082 sa·
1136 1042 1282 1099 sunnereme
1295 1030 1513 1095 multitudinem,
1527 1046 1590 1102 quae
1605 1038 1706 1100 posset
1721 1039 1735 1067 ο
1749 1027 1925 1096 resilisaprs

284 1123 347 1183 lutis
362 1122 453 1189 locust
466 1119 630 1181 circurrtlusa
652 1120 731 1177 bosto
754 1118 862 1177 omnis:
874 1118 949 1175 nulla
970 1120 996 1175 iu
1007 1118 1087 1191 aquis
1137 1124 1174 1180 lia
1185 1123 1372 1192 resuseitare,
1388 1126 1447 1196 paci
1460 1122 1620 1191 adversata,
1630 1134 1660 1181 et
1677 1122 1811 1181 sensilem
1824 1122 1926 1176 lorisse-

282 1214 401 1288 leniendi
411 1222 548 1285 potestas:
559 1222 587 1269 ut
599 1224 663 1285 pole
676 1212 736 1271 lacu
745 1211 848 1279 clauso,
859 1220 886 1267 el
901 1210 1021 1281 undique
1032 1209 1088 1267 llo·
1138 1216 1309 1274 bitrsremus
1319 1218 1329 1290 l
1338 1218 1463 1275 ubienim
1473 1218 1682 1283 consisterent,
1693 1215 1788 1287 patris
1800 1214 1927 1272 *exerens

281 1309 368 1367 manis
381 1307 560 1367 circumdato.
575 1306 653 1363 Nulla
665 1306 746 1363 etism
761 1304 788 1361 in
799 1304 903 1375 eripuis
915 1301 1089 1377 myoparoni·
1138 1310 1237 1381 quibus
1249 1324 1282 1365 se
1294 1310 1434 1367 alimoniis
1446 1318 1645 1378 sustentarent,
1660 1306 1926 1373 exsortescmoiun,

282 1398 778 1469 busresistendillducia.Quillcuim
795 1398 873 1470 pauci
885 1396 1016 1453 adversus
1026 1398 1088 1469 plu·
1139 1402 1191 1459 uisi
1207 1403 1460 1474 raptoriverentl)
1481 1402 1646 1461 mamutium
1673 1400 1780 1463 limis.
1798 1410 1927 1471 etsmnu

284 1493 643 1562 rimoslscerent,ratibut
664 1492 1089 1565 approplnrqusntibusl'lsrtlior
1139 1501 1218 1554 senis
1242 1498 1338 1554 mortis
1366 1498 1519 1569 presepio,
1542 1496 1798 1568 uteqrsoeremsr
1814 1508 1846 1550 ee
1870 1503 1929 1564 pom

282 1588 394 1661 quidem
408 1588 504 1644 lterum
519 1586 661 1659 appulsus,
675 1584 852 1643 etcllcncior
865 1599 997 1645 excursus
1011 1583 1090 1641 navi·
1139 1604 1201 1662 quas
1218 1597 1322 1645 estete
1338 1590 1451 1660 sepiem
1469 1589 1644 1657 Tiberiadis,
1664 1596 1758 1660 atque
1772 1585 1808 1641 ao
1826 1600 1881 1641 earu
1895 1602 1930 1640 cr-

282 1682 402 1753 qiornm,
416 1681 463 1739 seu
473 1680 533 1737 sine
544 1679 600 1735 ullo
614 1679 656 1735 sui
669 1678 782 1737 rnlncre
794 1678 846 1735 soli
860 1680 1032 1751 clypeorum,
1043 1694 1089 1737 rc·
1141 1682 1203 1739 bem
1216 1681 1425 1739 contenderem.
1439 1680 1533 1739 veelle
1552 1680 1759 1746 erediderunt,
1776 1678 1849 1751 qustl
1866 1692 1931 1747 erop-

283 1772 425 1844 percussis
452 1772 592 1843 spiculis,
621 1773 743 1845 crepitus
766 1772 957 1831 audiebantur.
984 1774 1090 1847 Appro·
1142 1774 1593 1849 ssmns.coeperonrepneut‚seo
1611 1782 1817 1847 preoccupato
1832 1772 1928 1835 itinere,

284 1864 417 1935 pinquare
437 1880 491 1921 non
522 1864 659 1923 audebant
678 1864 781 1934 ludam
805 1880 856 1923 nec
883 1868 994 1937 impune
1012 1866 1087 1938 qnis·
1101 1871 1127 1935 Β
1139 1868 1319 1925 ιοιιιιιιωιιιὶι
1338 1868 1495 1927 ludaeorum
1510 1869 1603 1925 oannis
1619 1869 1756 1925 clausere
1778 1867 1931 1938 agminmt·

288 1972 370 2028 qnsus
385 1956 486 2027 scspba
501 1958 611 2029 propius
636 1967 817 2026 accesserat,
838 1972 901 2017 cum
913 1958 949 2015 de
963 1958 1088 2029 proximo
1139 1962 1230 2027 quein
1245 1961 1321 2017 urbis
1345 1960 1462 2016 stadium
1490 1960 1679 2017 introduxere.
1698 1956 1930 2030 lnsressusinqne

285 2046 367 2105 lacile
393 2049 437 2107 vel
466 2050 582 2107 telorum
608 2050 737 2123 ligaretur
761 2050 887 2121 ictibus,
911 2052 953 2109 vel
981 2052 1089 2111 ratibus
1140 2052 1347 2124 Vespasianus,
1362 2060 1483 2123 spectata
1505 2059 1586 2109 etate
1610 2052 1653 2109 sel
1671 2051 1782 2106 robore
1808 2050 1929 2108 omnium.

284 2140 500 2213 demergeretur.
530 2140 564 2201 Ει
592 2142 616 2197 si
641 2144 701 2212 quis
726 2152 840 2199 enatare
871 2142 914 2201 vel
947 2156 1090 2215 emergere
1138 2145 1275 2217 quossibi
1291 2144 1375 2201 statm
1400 2155 1580 2215 preceperas,
1596 2143 1750 2216 elegisses
1766 2140 1851 2197 millis
1870 2139 1928 2209 jare-

286 2235 462 2305 salutavisset,
484 2234 592 2307 sagitta
613 2234 704 2307 jaculo
720 2234 840 2293 insertus
861 2234 1046 2293 nsiserabllem
1061 2236 1090 2293 in
1140 2256 1205 2297 num
1226 2238 1389 2297 validiorum
1404 2275 1412 2303 .
1425 2237 1609 2310 qnosllcrooi
1635 2237 1664 2293 in
1679 2236 1813 2293 lstlrmorr
1836 2232 1929 2297 liresit,

286 2326 413 2385 lluctibus
428 2327 511 2387 vitam
521 2328 684 2399 deponebat.
700 2327 755 2385 Nec
777 2327 879 2385 diutius
899 2328 1028 2387 resistcre
1042 2346 1091 2397 po·
1140 2349 1222 2393 mnes
1236 2344 1327 2391 satem
1339 2343 1369 2391 et
1382 2332 1516 2391 invalidos
1526 2331 1754 2389 millelueerstos
1764 2328 1846 2401 jussit
1857 2326 1928 2382 serra

288 2430 408 2489 tucrum,
420 2434 481 2479 cum
497 2420 607 2478 diverso
625 2436 728 2493 ponere
754 2422 953 2479 minuerentur.
969 2420 1090 2492 manneae
1141 2429 1310 2499 reliqueram
1326 2427 1436 2499 triginta
1447 2427 1551 2492 millia,
1568 2424 1795 2497 quadringentos
1815 2418 1927 2483 resume

287 2518 417 2589 paulatim
433 2518 663 2577 concurrentibus
683 2518 933 2590 plurimisrstibus,
949 2520 983 2577 acl
998 2520 1091 2577 littora
1141 2522 1287 2579 universos
1314 2532 1406 2578 autem
1438 2520 1603 2591 quicumque
1632 2517 1668 2575 de
1709 2514 1839 2589 partibus
1870 2510 1927 2581 rossi

272 2610 423 2683 ‘cogebant
438 2609 553 2669 Romani
571 2612 718 2671 suasimunr
740 2628 884 2671 numerum
907 2612 1088 2686 navigiorum.
1141 2615 1270 2689 Agrippa
1285 2614 1388 2685 reperti
1405 2614 1539 2684 sunt,regi
1558 2612 1692 2680 donavit,
1708 2624 1784 2683 quos
1802 2621 1876 2679 aeqne
1892 2618 1927 2658 ret

288 2706 332 2767 llll
347 2720 413 2763 vero
425 2712 557 2765 coarctati
571 2717 619 2767 sut
631 2708 658 2765 in
673 2717 771 2769 terram
787 2717 800 2749 ⁸
815 2709 984 2778 resiliebant,
999 2708 1091 2781 ibique
1142 2720 1257 2783 aeeepto
1278 2711 1382 2782 pretio,
1406 2710 1435 2767 irs
1467 2707 1610 2764 servitutis
1635 2704 1778 2776 obsequia
1789 2697 1924 2757 transmisit

289 2803 449 2865 allemanie
471 2805 726 2873 interficiebantur,
742 2814 789 2863 arnt
812 2804 987 2865 cedebantur
1010 2804 1091 2861 alniis
1141 2808 1281 2865 Praeterea
1307 2806 1423 2877 popalus
1449 2805 1521 2863 alios
1543 2800 1756 2860 l‘racboaitirlie
1780 2794 1926 2869 regionisn

292 2902 339 2971 qui
353 2900 387 2957 dc
400 2900 503 2959 retibus
516 2901 658 2972 ιιιιὼιιιι,
672 2910 719 2959 out
731 2916 866 2959 concursu
886 2902 985 2959 retium
999 2910 1091 2973 prote·
1142 2899 1332 2966 Gaulanititlis,
1344 2898 1461 2971 luppeni
1486 2907 1515 2955 et
1539 2896 1677 2955 Galeritsc
1692 2937 1702 2963 ,
1721 2902 1858 2965 lamnam
1878 2883 1925 2941 belli

289 2996 437 3062 rebamur,
452 3004 499 3051 aut
513 2996 564 3067 ipsi
584 3010 614 3055 sc
625 2995 652 3055 in
667 2995 757 3053 lacum
781 2995 968 3067 dejiciebant,
983 3010 1046 3053 cum
1062 2997 1089 3053 in
1141 2999 1309 3055 excitatores
1319 3003 1349 3052 et
1363 2994 1568 3065 perturbatores
1589 2989 1774 3052 normarum,
1791 2986 1925 3043 lemmata

288 3091 405 3161 scaplns
431 3104 529 3151 cocum
560 3092 645 3149 bostis
672 3090 799 3149 insiliret.
830 3090 965 3149 Cerneres
991 3091 1091 3149 mistas
1143 3092 1264 3163 propria,
1279 3092 1450 3147 incursantes
1465 3088 1581 3154 aliena,
1604 3086 1652 3157 qnsi
1675 3081 1798 3154 sumptis
1807 3076 1925 3144 senisse

288 3186 421 3256 sanquine
440 3199 544 3257 aquus,
566 3184 675 3257 plenum
693 3184 873 3243 cadaveribus
898 3184 997 3243 luounrr.
1017 3185 1090 3243 llnlll
1141 3203 1200 3244 cens
1212 3186 1373 3253 violassent,
1388 3184 1516 3255 justsset
1527 3180 1634 3239 debitas
1647 3189 1698 3251 pro
1715 3174 1923 3249 llaqimornmur

291 3280 363 3337 enim
392 3280 576 3350 persubitur,
612 3280 778 3351 quicumque
804 3286 972 3337 occurrerat.
997 3274 1129 3341 GravisC
1146 3285 1206 3341 ritis
1220 3296 1315 3355 pannas
1326 3282 1439 3339 (ledere.

326 3396 340 3431 ⁸
354 3390 523 3449 basilissem.
544 3392 628 3448 Bran.
1149 3396 1245 3455 bamus
1256 3398 1302 3455 lib.
1320 3414 1339 3465 t,
1353 3412 1414 3466 cap.
1427 3394 1475 3451 Ὦ.
1489 3392 1626 3451 osenna

326 3460 340 3503 l
357 3462 507 3547 Quiapsnti,
520 3464 631 3532 losnpb.
647 3462 693 3520 liln.
708 3478 758 3528 ιιι.
774 3477 834 3535 cap.
848 3463 1046 3547 111ῼιιιιιιιι.
1184 3469 1199 3511 ⁴¹
1216 3471 1341 3527 Esrlssil
1356 3471 1441 3526 llsas.

326 3544 338 3575 ⁸
360 3532 467 3595 Videsne
485 3536 518 3595 ml
548 3536 620 3595 lnunnc
638 3534 725 3595 locum
736 3576 743 3601 ,
755 3550 816 3607 quas
829 3550 954 3611 supervus
969 3546 1083 3594 annule-

730 3686 735 3693 .
1654 3683 1657 3688 ,
1836 3671 1922 3698 ,,,..

868 3800 1043 3891 unaue
1071 3797 1373 3917 Quassus.

1013 3954 1271 3989 *θ’*

553 4050 670 4111 Glrbl
689 4048 836 4108 Plllllllll.
1146 4057 1205 4105 sam
1230 4047 1328 4106 urbem
1351 4048 1497 4114 arbitrere,
1522 4054 1549 4104 et
1572 4044 1693 4101 maxime
1707 4028 1923 4116 septentrionale

326 4146 477 4205 bretinolis
499 4146 641 4203 Taricheis
666 4145 783 4199 mnrlma
806 4156 840 4199 ea
860 4148 947 4213 parte,
978 4140 1095 4197 llomanl
1147 4144 1210 4215 ejas
1232 4153 1335 4216 partam
1360 4148 1481 4215 penitere
1504 4140 1656 4208 existimes,
1685 4138 1788 4195 rebem
1815 4125 1922 4203 paulisco

291 4238 412 4299 Galilaia
436 4240 550 4297 urbibus
564 4246 592 4296 et
613 4237 713 4293 llnibns
733 4235 919 4305 potiebantur,
945 4235 997 4290 nisl
1021 4232 1096 4304 qam
1149 4238 1312 4294 meridiana.
1328 4235 1478 4295 addiderat
1497 4250 1607 4308 quoqne
1625 4232 1690 4289 buic
1709 4231 1773 4289 urbl
1788 4220 1923 4318 munitiones

290 4332 473 4390 Genlnnltltlls
487 4332 608 4403 regionis
617 4330 683 4387 urbs
696 4328 810 4386 Gamala
821 4329 990 4384 contumacis
1002 4326 1095 4398 pnpull
1147 4329 1293 4403 loseplms,
1306 4332 1404 4404 quibos
1422 4330 1495 4397 laeti,
1509 4338 1536 4384 et
1549 4324 1713 4383 confluentis
1725 4338 1762 4379 eo
1774 4308 1921 4407 mollissimo

291 4425 520 4499 alebatspiritus‚
537 4423 683 4480 loclsnixa
704 4420 913 4494 asperioribus:
930 4434 1047 4491 namque
1064 4431 1096 4475 ea
1148 4439 1275 4490 nurnero,
1291 4425 1364 4496 regis
1381 4422 1508 4493 Agrippae
1522 4434 1572 4492 per
1586 4430 1692 4489 septem
1707 4400 1921 4473 mensesobsiln·
1981 4435 1982 4438 η

293 4520 321 4573 ln
338 4528 429 4576 monte
444 4527 486 4575 est
496 4519 560 4585 sita,
575 4516 670 4573 dextra
684 4516 809 4586 levaque
820 4512 967 4586 praeruptis
979 4511 1098 4568 ciream·
1150 4532 1212 4573 nem
1223 4516 1355 4573 luseram.
1371 4514 1438 4572 Nem
1454 4522 1483 4571 es
1496 4514 1554 4585 ipsa
1565 4518 1594 4568 et
1607 4510 1718 4567 Somnia
1728 4496 1878 4565 esseteneb
1888 4502 1920 4543 re·

292 4610 349 4667 elsa
365 4610 489 4681 rupibus,
507 4608 541 4665 no
560 4622 696 4666 summum
712 4618 871 4673 arelatum
886 4603 976 4662 leonte
990 4604 1099 4661 absolu·
1148 4610 1195 4681 pnl
1210 4610 1269 4679 eius
1294 4609 1434 4679 portiones
1454 4613 1542 4663 erant.
1567 4604 1692 4662 selencia
1706 4602 1784 4674 Juxta
1797 4587 1921 4653 anrmnissi·
1981 4605 1982 4618 2

293 4700 510 4772 sllturprolumlo
522 4703 608 4769 bistu,
618 4702 645 4757 in
657 4700 810 4771 posteriora
819 4698 987 4771 aliquantum
998 4696 1099 4754 ‹liban-
1110 4734 1138 4797 D
1151 4716 1224 4759 mum
1249 4701 1316 4758 lttno
1339 4710 1368 4757 et
1389 4700 1500 4756 celebre
1513 4714 1562 4769 per
1576 4696 1685 4771 syriam
1702 4694 1825 4766 [septenes
1837 4686 1918 4777 namet.

293 4795 378 4853 ditur.
396 4794 437 4852 nb
458 4812 489 4852 es
513 4810 622 4867 quinque
646 4802 722 4867 prete
745 4803 917 4867 nrrgvnsloque
938 4792 1098 4864 ollueitiqne
1150 4795 1298 4868 cyparissis
1308 4794 1453 4851 arboribus
1467 4793 1612 4860 intextum,
1627 4797 1737 4847 scatens
1747 4784 1865 4843 lontibus,
1877 4782 1919 4841 llll

293 4900 418 4954 necessu,
441 4894 470 4944 ut
492 4888 585 4945 eaurlsn
611 4887 701 4944 simile
723 4889 775 4945 iter
797 4886 914 4959 jrsblces,
940 4884 974 4942 ru
1000 4886 1096 4943 urbem
1151 4889 1202 4944 bus
1222 4886 1424 4959 praetermeanti
1443 4883 1597 4940 lluvioloci
1611 4897 1691 4954 quem
1707 4880 1835 4937 minorem
1848 4859 1918 4964 llll*

296 4981 452 5037 meantibus
466 4996 474 5035 ι
488 4994 504 5037 a
524 4994 633 5038 stimmo
650 4982 753 5038 vertloe
772 4981 874 5037 collum
887 4977 916 5036 1ιι
931 4978 1097 5037 lmmensum
1151 4994 1214 5035 nem
1226 4986 1336 5045 vocant,
1349 4979 1514 5034 nutrimenta
1525 4974 1649 5048 quasdam
1662 4973 1759 5030 lacteis
1771 4963 1880 5029 alesine
1890 4963 1918 5007 tr

293 5073 457 5142 extendens,
470 5084 500 5129 ut
511 5088 602 5131 arcem
619 5084 755 5147 remquam
765 5085 846 5148 eaput
857 5072 998 5147 preferat,
1014 5082 1098 5143 atque
1150 5072 1252 5128 itandis.
1266 5071 1300 5128 Ει
1315 5077 1405 5127 umen
1416 5070 1523 5133 ciritae,
1539 5078 1568 5124 et
1579 5068 1690 5125 sotanis
1702 5064 1832 5139 superior,
1843 5046 1915 5153 lilll‘*

293 5171 321 5225 ln
338 5168 482 5226 sublimem
495 5170 583 5239 erigat
597 5170 788 5225 altitudinem:
811 5170 890 5225 erilis
909 5182 924 5223 a
948 5168 1095 5240 principio,
1151 5166 1245 5224 nitirlls
1258 5163 1616 5237 porticinleriorllamalie.
1639 5161 1719 5219 llnrle
1738 5171 1768 5217 et
1780 5142 1915 5215 snutrein·

294 5268 323 5319 et
337 5272 474 5333 tamquam
493 5264 601 5317 sinuato
620 5262 728 5318 clivosis
742 5263 909 5319 anfractibus
929 5263 999 5330 solo,
1016 5274 1098 5334 atque
1150 5261 1311 5317 sonarnlbus
1323 5259 1378 5315 ille
1388 5260 1548 5314 societatem
1563 5256 1714 5311 Rornanam
1727 5253 1861 5325 cleperent·
1869 5235 1913 5341 1¹:¹⁶

294 5355 324 5411 ln
338 5354 503 5426 prolnmlum
522 5354 648 5410 demerso
663 5374 669 5409 ι
685 5354 750 5412 delo
773 5356 850 5427 qnasi
866 5366 987 5411 montem
1001 5368 1097 5425 quem-
1149 5354 1302 5413 rebellabat
1324 5352 1394 5410 adeo
1409 5350 1597 5423 pertinaciter,
1624 5359 1654 5406 ot
1676 5364 1739 5406 eum
1764 5362 1809 5404 rer
1832 5336 1913 5410 llll¹⁰²

293 5452 355 5507 dam
384 5451 502 5507 cervicis
527 5448 619 5505 medio
645 5448 796 5517 attollens;
834 5456 934 5507 caetera
958 5455 1096 5521 prerupta
1149 5447 1236 5502 meris
1254 5460 1303 5502 eos
1324 5443 1532 5515 alloquivellel,
1555 5440 1753 5511 londaelaeulo
1771 5428 1909 5493 ssuclsrtllf·

293 5554 375 5614 atque
388 5538 475 5596 invia.
492 5538 570 5599 llttdc
583 5538 735 5612 pteriqner
758 5540 945 5611 superioribas
957 5538 1098 5596 camalam
1149 5540 1233 5611 Cujns
1249 5539 1347 5609 injuria
1366 5535 1485 5591 Romani
1497 5534 1618 5603 ascensi,
1641 5532 1824 5589 vehementius
1838 5523 1912 5578 llll&

292 5638 441 5690 sanitatem
465 5640 576 5705 patum,
603 5632 675 5703 qnorl
699 5630 817 5688 lormnsn
840 5632 936 5689 oamell
952 5631 1096 5703 praeierat.
1149 5635 1216 5692 bere
1230 5632 1366 5689 obsidioni
1376 5640 1519 5702 coeperant
1535 5644 1543 5685 :
1557 5626 1769 5697 ronllictnmqne
1781 5602 1910 5719 ΜΝ

294 5728 344 5785 seo
363 5734 494 5792 esnrropto
508 5728 658 5783 tnoelarnm
673 5739 722 5782 usu
738 5724 858 5782 Gamales
871 5738 970 5783 nonnsen
981 5724 1041 5781 orbi
1057 5724 1100 5780 is·
1151 5741 1224 5785 mea
1247 5734 1324 5799 parte
1338 5732 1462 5797 utraque,
1476 5723 1608 5796 quoniam
1621 5736 1638 5777 a
1650 5718 1755 5777 linteis
1764 5720 1884 5803 qttlolln¹

301 5816 498 5875 hammelant
525 5822 547 5873 si
564 5826 697 5905 corntexla
720 5833 742 5875 ω
755 5817 844 5875 dificia
869 5828 988 5899 spectes,
1004 5832 1105 5891 suspen
1155 5836 1247 5899 regem
1265 5820 1405 5892 proprium
1422 5818 1599 5879 violavissent
1615 5815 1694 5885 stilla
1708 5800 1909 5877 assumam„
