4075 6359
98 289 173 348 2909
428 285 566 350 tttsrbtt.
588 287 632 346 lili
653 285 791 346 exstruo
811 284 945 346 aranos.
968 282 1072 348 badis
1097 287 1427 352 ANACEPHALAEOSlS·
1679 295 1752 356 retu

97 407 245 474 sindones,
261 405 300 460 ias
315 419 396 462 orrrne
419 407 570 474 calcabant,
586 407 730 477 lutumque
744 417 774 462 ut
788 407 895 474 tierent,
912 415 938 476 Α
951 403 1096 461 liuentibus
1111 421 1179 478 quos
1196 417 1208 447 ι
1223 408 1377 479 gynaecicos
1390 417 1509 466 uocant:
1525 424 1576 468 aec
1590 411 1753 472 mulieribus

99 501 152 571 ipsi
167 500 401 556 acceleraverunt.
417 500 484 556 lirat
497 502 569 557 enim
584 515 674 557 sermo
690 509 769 558 retus
791 511 819 556 et
847 500 900 556 irc·
950 508 1091 553 menstruo
1103 513 1202 555 eruore
1216 501 1339 571 pollutis,
1354 517 1443 572 neque
1457 502 1518 558 aliis
1529 503 1677 576 inquinatis
1689 522 1752 577 par·

97 607 210 662 quens,
235 592 649 662 tuacperituramlliemsalem
676 600 815 652 etsauota
840 593 900 664 eius
950 588 1064 660 ticipare
1101 590 1234 647 sacrificia
1262 594 1495 663 permittebantur
1525 596 1574 652 scd
1600 611 1653 654 nec
1685 597 1751 653 aiic-

99 685 264 752 crureuda,
288 700 351 742 cum
365 685 467 742 seditio
486 686 551 742 belii
576 685 662 756 legem
678 686 847 754 incesseret,
874 693 902 739 ct
950 682 1057 754 uigenis
1067 684 1193 755 quidem,
1211 685 1265 742 nisi
1285 687 1332 758 qui
1346 686 1487 759 religionis
1505 704 1587 746 carisa
1599 689 1751 748 venissent.

99 778 264 836 domesticae
280 794 376 836 manus
391 778 522 850 templum
537 779 585 835 liei
601 779 828 836 contaminarent.
845 777 900 836 Nec
1259 775 1373 835 CAPUT
1392 777 1439 834 ιιι.

101 871 156 926 irae
169 870 280 944 quidem
293 871 488 930 intellexerunt
503 889 511 925 ι
527 871 640 938 Quoties
657 873 730 928 enim
744 871 836 929 excisa
851 870 901 926 do·
987 871 1081 944 blagna
1094 887 1158 929 reru
1172 872 1231 932 lraec
1244 873 1390 932 multitudo
1404 875 1586 936 ebertraneis
1596 893 1750 952 congrega·

100 979 165 1019 mus
179 962 229 1018 liei
241 965 249 1020 ι
263 965 371 1036 quoties
387 965 486 1021 seditio
497 965 504 1018 ι
517 965 622 1035 quotics
634 965 754 1020 laelium!
770 972 799 1022 et
822 979 901 1020 num·
952 963 1041 1022 batur.
1058 967 1134 1024 Tarne
1146 976 1235 1024 tamen
1251 969 1338 1025 ueluti
1354 969 1381 1024 iu
1397 985 1537 1028 carcerem
1550 981 1605 1030 tota
1617 988 1684 1046 geas
1695 973 1751 1029 lato

100 1077 185 1132 qrram
199 1061 245 1116 illa
255 1061 320 1116 urbs
332 1062 430 1132 periit,
443 1061 495 1118 nisi
506 1075 566 1118 curn
582 1061 727 1116 Dominum
739 1075 805 1117 rere
820 1061 901 1116 Tem·
951 1060 1080 1116 conclusa
1092 1071 1153 1125 est,
1167 1070 1195 1118 et
1209 1062 1278 1119 tarta
1288 1062 1445 1121 hominibus
1458 1067 1573 1134 ciritas,
1591 1066 1664 1124 bello
1675 1068 1751 1125 obsi·

102 1173 110 1225 p
125 1156 179 1210 lura
193 1154 243 1211 bei
255 1155 413 1211 domesticis
428 1153 553 1210 nraraibus
564 1153 769 1211 crucifixerunt.
784 1153 901 1224 Propter
951 1149 1076 1208 debatur.
1093 1153 1186 1226 ltaque
1198 1167 1307 1210 omnem
1329 1163 1441 1226 superat
1455 1158 1621 1228 burrianum,
1642 1169 1669 1216 et
1683 1159 1753 1216 diri·

101 1249 177 1317 qrrod
191 1255 220 1304 et
233 1248 299 1304 illud
313 1246 446 1302 audiunt:
464 1247 563 1304 Solrite
577 1248 700 1318 tearplam
711 1249 769 1312 troc,
785 1247 844 1302 etin
854 1247 900 1302 tri·
952 1245 1026 1300 nitus
1038 1247 1166 1302 emissam
1182 1257 1286 1318 pestem
1302 1264 1431 1306 numerus
1442 1262 1665 1324 peremptorum,
1681 1268 1752 1326 quos

102 1345 150 1398 bars
164 1342 254 1399 diebus
264 1343 421 1398 resuscitabo
436 1341 503 1396 iliad
514 1341 603 1414 (beau.
619 1357 654 1409 u,
672 1341 731 1415 bb).
745 1339 815 1409 Quid
828 1341 901 1397 euim
952 1339 1051 1408 partim
1066 1340 1154 1410 pralaur
1166 1340 1340 1410 occiderunt,
1356 1341 1455 1413 partim
1467 1355 1601 1416 ceperunt
1614 1345 1743 1402 Romaui.

100 1437 177 1492 aliud
188 1436 240 1492 nisi
251 1435 425 1508 sacrilegium
441 1434 503 1503 luit,
518 1450 579 1490 rum
592 1435 796 1506 impiasmanus
808 1443 903 1491 erten-
952 1433 1094 1491 iliurantes
1113 1437 1186 1490 enim
1207 1435 1313 1492 cloacas
1337 1442 1364 1493 et
1378 1437 1503 1508 scpulcra
1517 1449 1662 1509 eruentes,
1682 1455 1751 1512 quos

100 1531 201 1586 alerent
212 1531 240 1584 iu
253 1541 392 1586 auctorem
405 1527 582 1596 salutis,cunr
595 1528 748 1599 lapidarent
759 1543 902 1595 eumcum
953 1525 1147 1595 offendissent,
1160 1527 1332 1584 occidebant.
1345 1529 1451 1586 lnrcati
1463 1543 1524 1588 sunt
1539 1544 1629 1588 autem
1640 1533 1676 1589 ibi
1691 1533 1751 1603 pius

101 1625 293 1690 verberarent,
306 1638 367 1679 cum
378 1625 560 1695 corriperent,
572 1623 817 1681 eumocciderenti
827 1622 902 1681 Trana
954 1621 1325 1694 quamduomillia,quorum
1338 1622 1386 1678 alii
1399 1639 1480 1680 manu
1491 1639 1552 1693 sua,
1563 1626 1752 1697 pluresautem

100 1734 168 1774 rere
179 1727 374 1774 sarrrctaeorum
386 1717 612 1788 absumpsitiguis
621 1717 737 1772 dirinus.
746 1717 812 1774 Nam
822 1733 904 1776 exus·
953 1715 1057 1771 martuis
1071 1731 1102 1771 se
1112 1717 1272 1773 uulneribus
1282 1716 1492 1786 interfecerunt,
1507 1733 1568 1773 cum
1581 1717 1668 1776 lames
1681 1719 1752 1777 alios

102 1823 128 1868 ta
144 1828 158 1868 a
172 1810 639 1884 babyloniis,reparataest.Postea
650 1811 808 1866 destructae
821 1811 900 1867 Pom-
914 1813 939 1876 B
953 1811 1139 1882 corripuisset.
1150 1811 1274 1869 Laebaut
1283 1811 1357 1869 enim
1371 1813 1507 1868 scelerum
1521 1828 1635 1868 suorum
1648 1814 1753 1885 suppli-

101 1907 176 1976 pcio,
192 1904 339 1962 rclcrmata
350 1906 462 1960 iterum.
475 1903 528 1960 Sed
540 1904 646 1974 penitus
658 1915 752 1960 exusta
762 1905 808 1960 ubi
821 1903 900 1962 lesus
952 1904 1754 1977 cia,quipostquambesumcrucifixeruntdivinorumarbi·

107 1999 193 2066 rauit,
209 2007 237 2054 et
255 1997 369 2070 spiritus
382 1997 467 2055 diuini
479 1998 567 2054 soluta
580 1979 760 2054 evanuerunt.
775 2001 901 2070 Oportuit
952 2007 1035 2065 traua,
1053 2007 1146 2069 postea
1160 2000 1243 2055 etiam
1258 1998 1409 2070 discipulos
1424 2000 1482 2070 ejus
1496 1999 1750 2071 persequebantur:
1775 1984 1780 1993 ⁴

104 2091 901 2164 uberiorequadamdeplorationeprceirenoslunusquod·
953 2091 1076 2163 plerique
1100 2098 1190 2148 bilinien
1212 2091 1386 2157 iudeorum,
1407 2092 1549 2164 gentilium
1563 2092 1673 2163 plurimi
1692 2107 1755 2150 cre-

103 2188 168 2243 dam
184 2196 304 2258 paternae
315 2185 511 2254 solemnitatis,
528 2197 555 2242 et
577 2185 653 2240 reiut
663 2186 792 2256 quasdam
806 2199 897 2255 nexsec
954 2183 1079 2240 dideruut
1094 2185 1120 2240 iu
1136 2200 1210 2251 eum,
1226 2199 1288 2242 cum
1299 2185 1442 2256 preceptis
1452 2185 1599 2243 moralibus
1609 2186 1755 2258 operibus-

100 2281 181 2353 quius
197 2282 342 2352 prosequi,
362 2295 394 2336 ac
407 2281 514 2338 soluere
524 2281 599 2350 juxta
618 2281 752 2351 majerum
765 2279 899 2336 instituta.
952 2293 1006 2349 quc
1022 2279 1094 2334 uiua
1110 2278 1255 2334 humanam
1272 2279 1480 2349 possibilitatem
1497 2278 1693 2350 profluentibus
1713 2281 1757 2336 in·

403 2373 518 2430 caret
538 2372 605 2429 ιἰιι.
951 2370 1121 2438 vitarentur,
1134 2371 1232 2442 quibus
1252 2386 1304 2427 nec
1318 2386 1394 2428 mors
1408 2371 1519 2443 quidem
1534 2373 1594 2442 ejus
1609 2373 1651 2430 rel
1670 2371 1752 2441 idei,

138 2469 193 2526 Sed
208 2467 392 2525 ueniamusad
407 2481 541 2523 summam
553 2469 703 2523 eversionis
721 2467 899 2536 iiierusaiem,
954 2463 994 2518 rel
1015 2463 1110 2534 gratia
1125 2462 1209 2520 linem
1232 2463 1362 2535 imposuit
1376 2481 1384 2519 :
1398 2464 1483 2519 immo
1499 2464 1581 2519 etiam
1605 2463 1756 2520 cumularit

101 2571 131 2618 ct
144 2561 177 2616 ad
193 2559 375 2632 dejectionem
389 2558 557 2615 iudaeorum.
574 2559 671 2614 blerito
690 2559 823 2630 siquidem
835 2559 903 2630 deji-
954 2553 1136 2610 derotioaem.
1155 2553 1307 2611 intulerunt
1319 2570 1428 2627 quoque
1443 2553 1621 2626 parricidales
1636 2569 1752 2625 manus,

101 2655 193 2712 ciendi
209 2663 237 2710 et
252 2653 321 2710 viles
334 2651 453 2709 lralrendi
470 2653 586 2720 luserant,
603 2653 647 2724 qui
662 2652 798 2708 uniuersis
809 2653 903 2722 pretiis
954 2653 1036 2716 elque
1048 2655 1187 2702 arrctorem
1201 2647 1264 2702 vilae
1283 2646 1501 2704 interficiendum
1514 2648 1547 2703 ad
1562 2647 1680 2704 Pilatum
1705 2648 1755 2704 de·

102 2745 380 2814 cirariorembesum,
397 2745 508 2816 triginta
519 2745 694 2800 denariorum
717 2745 833 2816 pretioa
848 2743 903 2801 dis·
955 2737 1079 2794 duxere:
1102 2738 1338 2812 reluctantemque
1359 2750 1502 2812 creperum
1516 2755 1663 2813 perurgere
1682 2739 1756 2811 judi-

102 2843 196 2913 cipulo
211 2846 457 2911 comparaverant:
475 2854 528 2896 non
544 2848 574 2894 ut
596 2853 659 2894 eum
686 2838 820 2894 baberent
835 2845 903 2891 tam-
955 2849 1013 2890 ccrn
1028 2850 1035 2887 ε
1050 2833 1077 2888 ιιι
1094 2849 1148 2905 quo
1161 2841 1251 2890 torma
1263 2847 1316 2890 nnn
1332 2843 1476 2889 excusator
1489 2833 1613 2904 Pilatus,
1639 2833 1688 2890 sed
1701 2831 1753 2890 ln·

102 2951 184 3008 quam
200 2937 360 3001 bantinum,
377 2931 426 2989 scd
439 2941 469 2989 nt
482 2933 517 2989 de
531 2940 602 2988 terra
613 2931 762 2988 virentium
779 2931 905 2987 tollerent
955 2924 1076 2981 tleeorum
1089 2926 1208 2982 amentia
1218 2925 1395 2984 coacerbatur
1414 2944 1421 2981 ι
1437 2925 1500 2996 quia
1522 2941 1573 2982 nec
1585 2924 1633 2982 ille
1646 2924 1754 2997 adjudi-

103 3030 178 3084 rclut
191 3027 324 3098 iniquum.
337 3026 427 3094 Quare
433 3023 495 3096 jure
506 3023 539 3080 de
554 3025 709 3080 increduale
722 3039 782 3090 sua,
795 3022 904 3079 uiliores
955 3031 1018 3073 care
1034 3017 1145 3084 debuit,
1175 3031 1255 3087 quem
1278 3032 1355 3073 reum
1378 3017 1491 3073 minime
1516 3015 1754 3089 deprehenderat,

104 3121 204 3193 paleis,
223 3121 250 3174 in
266 3132 374 3174 omnem
400 3129 500 3173 terram
515 3117 638 3172 ventilati
655 3125 719 3171 suat
739 3114 903 3187 agentibus,
957 3125 1007 3166 uec
1021 3112 1065 3167 isti
1079 3111 1251 3184 sacrilegium
1268 3111 1414 3183 parricidia
1427 3110 1583 3182 geminare,
1601 3119 1631 3167 ut
1642 3111 1677 3168 ab
1690 3109 1749 3180 bis,

102 3213 430 3288 qaasiormidauerautne
443 3211 749 3282 sibilacumetgentem
762 3209 901 3264 tollerent.
916 3209 939 3271 C
955 3208 1000 3278 qui
1015 3207 1049 3262 ad
1064 3205 1238 3264 redimendos
1251 3215 1279 3263 et
1293 3205 1431 3263 sanandos
1457 3222 1505 3262 eos
1531 3220 1593 3262 sese
1614 3205 1756 3263 obtulerat

103 3309 193 3379 thui
205 3307 314 3380 triginta
324 3303 543 3363 denariisbesum
557 3308 784 3374 comparauerant
796 3302 828 3356 ad
844 3314 904 3371 pcr-
957 3298 1145 3356 darunaretur.
1159 3299 1289 3368 Quamuis
1302 3299 1374 3354 enim
1393 3299 1464 3355 idem
1486 3299 1589 3355 Pilatus
1604 3314 1702 3356 marrus
1716 3297 1756 3355 la·

103 3404 234 3469 dcudum,
244 3402 317 3474 juste
332 3409 424 3474 postea
443 3399 552 3470 triginta
561 3397 648 3468 capita
660 3396 905 3452 suorumrideruat
956 3391 1043 3460 uerit,
1066 3392 1160 3448 diceus
1176 3409 1182 3446 :
1198 3391 1314 3446 baradus
1327 3408 1375 3463 epo
1388 3408 1445 3447 sunt
1458 3393 1611 3464 escaquine
1622 3393 1692 3466 justi
1706 3393 1757 3448 iru-

103 3491 593 3554 rcudiurrodeuariuadilludendum.
609 3488 906 3560 Quiaigiturpcneour·
952 3491 1014 3560 jes,
1046 3502 1090 3542 cas
1109 3487 1223 3542 sideritis
1248 3485 1359 3558 (daret.
1377 3503 1465 3553 xxrrr,
1492 3486 1543 3560 et)
1560 3502 1755 3560 :nequaquam

105 3584 509 3647 nesludrriiuneeemlbomini
525 3582 611 3639 nostri
625 3580 797 3640 besuClrristi
810 3579 906 3635 urrani·
958 3592 1048 3638 tarnen
1070 3583 1161 3638 nrinus
1174 3581 1266 3638 existit
1288 3596 1372 3649 reus,
1400 3583 1446 3654 qni
1466 3581 1580 3653 gloriam
1606 3581 1755 3638 Dominiccc

105 3686 400 3746 miterconscnseruut,
412 3680 572 3734 interlineale
593 3674 710 3731 uindicta
727 3688 795 3744 pene
810 3685 906 3728 omncs
956 3689 1107 3746 agnoscens
1117 3675 1496 3746 resurrectionis,praedicare
1514 3675 1614 3731 inritus
1637 3675 1753 3742 studuit,

106 3796 121 3834 a
136 3778 200 3834 totis
212 3777 370 3849 regionibus
383 3775 417 3828 ad
429 3777 592 3844 azymorum
604 3770 675 3825 diem
686 3769 905 3836 iestumcougrc-
956 3769 1003 3825 scd
1015 3768 1128 3824 credere
1138 3767 1259 3838 pertidus
1272 3769 1453 3839 contempsit,
1473 3768 1543 3825 sicut
1554 3767 1752 3839 testatureius·

107 3873 162 3946 gati
179 3871 253 3928 lrello
273 3869 364 3926 subito
377 3865 531 3923 circumlusi
544 3872 627 3918 sum:
642 3871 670 3915 ut
688 3861 777 3930 primo
796 3857 904 3928 quidem
955 3861 1016 3918 dem
1033 3860 1148 3932 epistola
1163 3902 1170 3926 ,
1185 3859 1288 3916 Caesari
1308 3862 1335 3915 in
1359 3859 1431 3916 lrtrnc
1450 3859 1558 3916 modum
1583 3860 1697 3917 directa.

106 3968 162 4024 illis
189 3963 318 4036 pestilera
344 3963 404 4018 lues
429 3975 463 4015 ex
486 3958 538 4013 loci
569 3955 694 4028 angustia
732 3963 904 4018 nasceretur,

104 4058 206 4116 deiude
221 4057 302 4112 citius
316 4053 412 4110 iames.
426 4051 503 4119 erod
518 4057 608 4105 autem
620 4056 731 4117 caperet
753 4043 905 4100 multitudi-

107 4171 169 4213 nem
186 4152 326 4210 iaominem
348 4155 449 4204 tanum
465 4145 577 4212 ciuitas,
607 4153 710 4200 certum
727 4147 787 4198 erat
801 4155 834 4195 err
858 4137 902 4194 his

106 4251 152 4323 qui
167 4249 217 4305 sub
230 4247 321 4303 Cestio
337 4243 454 4300 fueraut.
471 4238 646 4296 Erarnrcratis
666 4237 740 4293 enim
758 4243 822 4291 tunc
836 4232 903 4290 riris

107 4342 225 4401 civitatis
236 4357 251 4396 a
263 4341 356 4407 Floro,
366 4337 469 4394 Neroni
483 4335 638 4406 siguificare
649 4331 776 4404 cupiente
786 4338 905 4386 coutem-

107 4438 182 4496 uenti
203 4436 364 4502 nationem,
385 4449 399 4488 a
416 4429 590 4504 pontilicibus
604 4427 738 4499 petierat,
760 4434 790 4481 ut
810 4425 833 4480 si
848 4438 903 4494 quo

109 4533 190 4589 mado
205 4537 318 4602 possent
328 4521 528 4584 multitudinem
544 4528 730 4580 numerarent.
748 4518 788 4574 llli
813 4526 905 4572 autem

1270 3951 1386 4008 CAPUT
1406 3950 1441 4006 it.

993 4047 1105 4104 Pontias
1120 4047 1221 4104 Pilatus
1234 4045 1345 4103 Claudia
1364 4045 1487 4102 salutem.
1504 4045 1597 4116 Nuper
1611 4046 1717 4114 accidit,
1731 4058 1756 4104 et

956 4143 1024 4214 quod
1044 4143 1099 4214 ipse
1115 4140 1219 4212 probari
1229 4182 1238 4210 ,
1264 4139 1373 4196 todeca
1391 4156 1438 4211 per
1452 4139 1577 4194 inuidiam
1592 4156 1619 4195 se
1645 4156 1755 4212 suosque

957 4244 1073 4308 posteros
1086 4233 1187 4288 crudeli
1205 4233 1419 4288 condemnatione
1437 4233 1552 4305 pauisse.
1568 4229 1685 4302 Denique
1695 4249 1754 4289 runa

957 4329 1114 4400 promissum
1126 4309 1248 4382 baberent
1260 4336 1346 4398 potres
1356 4342 1462 4394 corana,
1476 4326 1545 4398 quod
1557 4325 1613 4381 illis
1631 4324 1700 4380 beas
1713 4343 1756 4382 eo-

956 4436 1013 4475 rum
1033 4421 1145 4475 mitteret
1160 4419 1193 4474 de
1204 4419 1267 4474 coelo
1283 4419 1408 4473 Sanctum
1425 4435 1501 4474 suurn
1524 4419 1567 4489 qui
1587 4433 1676 4474 corrant
1699 4417 1757 4474 Rex

957 4517 1049 4570 merito
1064 4514 1201 4580 diceretur,
1227 4523 1251 4568 et
1271 4512 1340 4567 barre
1352 4529 1379 4568 se
1397 4513 1544 4585 promiserit
1557 4529 1602 4585 per
1620 4511 1757 4586 Virpiaem

108 4643 169 4684 carru
186 4626 245 4682 dies
259 4622 344 4680 bestris
359 4621 469 4677 adesset
483 4619 528 4690 qui
540 4615 644 4674 Pascha
659 4622 784 4681 uocatur,
796 4610 905 4684 quando
919 4607 946 4668 D
958 4611 1098 4664 ruissaram
1112 4607 1146 4661 ad
1158 4615 1240 4663 terras
1255 4623 1264 4662 :
1278 4607 1357 4661 istam
1378 4604 1466 4674 itaque
1478 4621 1519 4660 rae
1538 4605 1649 4679 praeside
1662 4605 1691 4660 in
1705 4603 1758 4660 ba-

109 4737 208 4779 arroaa
234 4720 345 4792 quidem
361 4717 429 4774 liora
444 4730 531 4787 usque
557 4713 590 4770 ad
616 4711 787 4769 undecimam
802 4708 906 4764 lrostias

109 4817 235 4883 cadunt,
252 4829 302 4884 per
315 4810 422 4884 singula
438 4819 527 4866 autem
540 4807 617 4881 quasi
633 4803 830 4868 contubernia,
852 4817 906 4857 nou

110 4909 267 4982 pauciorum
278 4921 360 4980 quam
372 4905 465 4961 decem
480 4903 620 4959 homiuum
634 4900 715 4964 barat,
732 4897 821 4954 solnm
832 4895 907 4950 enim

110 5005 215 5076 epulari
229 5018 283 5058 non
298 5002 374 5066 licet,
399 4997 478 5054 malti
498 4997 570 5054 euim
585 5005 599 5033 ι
614 4994 696 5050 ricini
717 4991 905 5078 convenientq:

110 5099 260 5155 hostiarum
275 5094 384 5168 quidem
396 5091 526 5158 ducenta,
538 5099 564 5146 et
577 5086 771 5160 quinquaginta
784 5098 831 5140 sex
845 5082 907 5138 mil-

110 5192 145 5248 lia
170 5202 197 5248 et
220 5189 382 5262 quingentas
402 5189 626 5240 numeraverunt.
641 5177 721 5234 Fiunt
742 5183 851 5242 autem,
877 5185 907 5231 ut

111 5286 194 5342 denos
219 5282 377 5352 epulatores
402 5291 452 5347 per
477 5272 598 5346 singulas
618 5272 801 5341 imputemus,
821 5267 907 5323 vicies

111 5385 243 5442 centena,
258 5371 329 5427 baut
342 5370 512 5441 septingenta
534 5365 615 5421 miliia
629 5405 637 5432 ,
652 5363 737 5420 sancti
761 5375 855 5416 omnes
880 5369 908 5416 et

112 5470 180 5542 puri.
197 5467 252 5524 Nec
265 5463 337 5523 enim
351 5462 467 5534 leprosis
478 5469 526 5516 aut
538 5457 731 5529 vitiliginosis,
747 5453 907 5510 autseminc

147 5631 213 5687 ulia
229 5629 293 5684 bose
313 5625 349 5680 lm
363 5621 457 5677 aieeai.
472 5619 557 5676 Bana.

146 5703 264 5758 bliaeus
276 5695 383 5750 hiulcus
395 5692 511 5748 ridetur.
532 5685 689 5758 Legendum
708 5685 790 5750 iortc,
819 5680 862 5736 rel
885 5689 909 5736 et

113 5785 176 5849 sept.
196 5769 238 5828 uel
253 5773 375 5824 seacemo
388 5773 434 5819 out
449 5773 513 5836 sept.
528 5759 667 5818 Garunna.

958 4700 1043 4756 aleam
1067 4697 1138 4753 Deus
1158 4697 1329 4753 Hebroeorura
1349 4713 1409 4751 eum
1431 4695 1558 4763 adiisset,
1582 4704 1607 4751 et
1633 4696 1758 4754 vidissent

957 4809 1016 4848 eum
1031 4807 1111 4847 caecos
1121 4789 1301 4856 illuminasse,
1323 4789 1439 4860 leprosos
1451 4787 1600 4856 mundasse,
1626 4789 1758 4862 paralyti-

958 4902 1002 4942 cos
1015 4900 1136 4950 curasse,
1150 4884 1280 4939 demones
1292 4880 1485 4938 abdominibus
1502 4883 1624 4953 sapone,
1640 4893 1759 4939 emrtuos

957 4981 1036 5037 etiarm
1050 4979 1204 5042 sarseitoase,
1225 4977 1366 5047 imperasse
1382 4976 1482 5041 ιιιιιιι,
1507 4974 1655 5031 ambulasse
1682 4978 1759 5033 siccis

959 5075 1068 5148 pedibus
1080 5089 1159 5145 super
1171 5071 1255 5126 undas
1264 5071 1359 5138 maris,
1371 5079 1396 5126 et
1410 5071 1494 5125 malta
1511 5071 1566 5126 otio
1579 5071 1683 5144 iecisse,
1699 5088 1759 5128 caua

961 5170 1044 5226 onmis
1055 5168 1167 5242 populus
1176 5165 1331 5221 bcdoeoram
1346 5181 1405 5220 euru
1419 5163 1519 5221 Filiam
1527 5162 1641 5221 Deiesse
1651 5165 1759 5234 diceret,

960 5263 1082 5319 iaoidionr
1097 5268 1187 5314 corba
1201 5273 1259 5313 eum
1271 5257 1341 5327 passi
1354 5267 1415 5312 seat
1435 5259 1566 5331 principes
1589 5257 1759 5328 iudeorum,

961 5366 984 5412 et
999 5363 1214 5421 transcurrerem,
1229 5350 1342 5422 miliique
1355 5352 1529 5420 tradiderunt,
1544 5362 1568 5408 et
1581 5351 1634 5408 olio
1647 5350 1763 5422 proeliis

961 5451 1026 5505 mibi
1039 5449 1071 5504 de
1085 5463 1115 5503 eo
1133 5446 1283 5502 areatieates
1298 5444 1438 5517 diseunt,
1454 5456 1595 5502 currentes
1606 5446 1684 5501 istam
1706 5461 1761 5501 nro-

1001 5605 1195 5664 ⁰Guaitberus
1213 5620 1247 5663 ex
1270 5605 1393 5678 bosepiro
1417 5602 1564 5676 legendam
1587 5610 1665 5674 putat
1681 5620 1768 5678 porro-

962 5682 1040 5738 ricos.
1053 5679 1139 5735 Bana.
