4075 6359
257 282 330 341 erut

926 277 1051 336 sancet
1071 276 1247 342 tlttttttttstt.

1840 279 1892 340 litt

257 400 360 456 rationi
383 401 465 459 etiam
483 400 585 459 exteris
606 398 727 463 lucrant,
745 395 881 454 deformes
899 397 1055 466 iacuerunt.
1069 403 1096 464 Α
1108 393 1296 463 crudelitatis,
1312 405 1341 452 ut
1355 397 1521 468 sepulturam
1534 400 1666 459 ontnibus
1682 397 1734 471 qui
1748 397 1792 455 rel
1805 398 1830 454 io
1841 410 1894 455 teru-

258 493 399 552 Cadatcra
410 511 504 553 corum
515 510 576 553 esca
590 494 753 563 volatilium,
765 502 794 550 et
803 492 945 551 devoratio
957 509 1055 550 canum

258 587 327 643 lacta
343 599 423 656 sunt,
438 588 569 646 membris
585 589 718 654 lacerati,
734 598 762 644 ct
776 596 830 644 tota
845 587 962 658 dispersi
977 587 1055 655 urbe,

258 689 289 734 ut
315 680 459 753 deplorare
486 683 587 738 veteris
611 680 764 736 sanctitatis
787 681 894 750 species
917 679 1056 737 uideretur

258 777 361 827 tantam
375 774 445 827 sacri
458 771 574 829 nominis
585 773 791 840 contumeliam,
805 779 833 829 ει
845 772 959 843 speciosi
970 787 1057 844 quon·

259 860 320 917 dam
336 863 457 920 muneris
471 863 684 921 deiormitatem.
708 865 761 922 Sed
776 865 834 932 ipsa
855 865 902 922 tibi
917 865 997 936 liujus
1012 867 1055 921 in·

257 956 397 1028 dignitatis
413 959 555 1016 exordium
579 961 682 1028 iecisti,
699 976 759 1032 quae
780 961 807 1016 in
823 961 920 1034 medio¹
933 963 995 1017 sinu
1010 970 1057 1017 tuo

258 1051 403 1108 occidebas
417 1053 575 1125 propbetas,
589 1069 649 1126 quaa
662 1053 801 1126 lapidabas
812 1063 922 1112 sanctos
934 1056 1055 1112 Domini.

258 1144 330 1201 Ante
345 1147 475 1218 templum
491 1146 639 1205 dichorius
650 1147 738 1220 jacuit
752 1149 885 1204 exanimis
897 1189 905 1216 ,
919 1149 1005 1218 jacuit
1016 1151 1058 1205 in-

258 1237 386 1294 humatus
403 1257 409 1293 :
425 1253 492 1311 ergo
506 1243 617 1312 sangnis
630 1251 691 1296 tuus
703 1241 779 1297 illurn
802 1241 885 1296 lavat.
896 1239 962 1309 Quae
975 1256 1057 1298 causa

258 1341 348 1389 autem
363 1335 461 1391 mortis
476 1333 527 1390 luit
541 1334 649 1405 dotano,
665 1335 717 1391 nisi
736 1336 807 1406 quod
819 1335 955 1408 increpuit
970 1351 1056 1406 popu·

258 1427 313 1482 htm
329 1436 422 1496 tuum,
440 1429 501 1500 quia
516 1444 569 1486 non
581 1439 595 1468 ⁸
610 1439 767 1502 resurgeret
785 1446 835 1503 pro
855 1431 949 1502 templi
965 1431 1058 1489 delen·

259 1517 357 1586 sione,
374 1519 437 1592 quia
459 1523 649 1593 expostulabat
667 1522 820 1580 libertatem
835 1523 987 1594 perditam,
1003 1524 1059 1580 rir-

259 1621 344 1668 tutem
370 1615 524 1682 desertam,
536 1615 669 1686 gealcatas
687 1625 810 1673 veterum
827 1631 967 1673 sacrorum
993 1617 1054 1673 reli·

259 1706 347 1775 quies,
357 1707 555 1763 commaculata
564 1709 659 1764 altaria
673 1726 680 1762 :
695 1709 903 1782 relinquendum
919 1709 1059 1768 asserebat

1108 491 1153 574 plo
1168 492 1256 547 necati
1272 489 1382 549 luerent
1394 494 1434 549 rel
1450 493 1523 548 circa
1535 495 1615 551 urbis
1627 495 1752 566 plateas,
1769 505 1895 564 negarent:

1107 599 1159 639 nec
1183 586 1295 642 humare
1318 587 1444 659 cuiquam
1460 589 1595 657 uacabat,
1610 589 1678 644 dum
1694 588 1781 646 bellis
1804 589 1899 647 interae

1107 688 1317 748 decarperentur,
1331 678 1500 752 feriendique
1510 684 1601 753 nangis
1613 698 1700 754 quam
1712 681 1900 740 humandicnra

1110 771 1252 826 universos
1264 773 1385 828 tenebat.
1398 771 1437 828 lta
1448 774 1567 843 prrodam
1580 775 1675 830 lurore
1689 775 1851 830 occiderant
1861 779 1902 846 pie·
1981 818 1983 831 .

1109 863 1170 918 tatis
1184 863 1285 931 olhcia,
1301 863 1500 922 crudescebant
1515 866 1668 937 impietatis
1684 867 1858 935 ministeria;
1872 872 1903 920 ιι

1109 953 1201 1025 bilque
1216 958 1304 1026 magis
1319 955 1346 1010 in
1362 957 1445 1010 tantis
1459 957 1662 1015 calamitatibus
1675 959 1823 1030 perierat,
1838 976 1902 1030 quam

1108 1050 1315 1117 misericordia,
1329 1065 1390 1121 ιιι
1408 1052 1465 1107 sola
1480 1052 1550 1108 solet
1568 1054 1692 1110 allevare
1708 1053 1841 1108 miserias
1851 1095 1858 1118 ,
1870 1069 1905 1109 so

1107 1148 1157 1203 lari
1169 1162 1314 1204 aerumnas.
1328 1148 1451 1220 Nantque
1463 1150 1528 1205 ethi
1539 1152 1585 1222 qui
1599 1155 1758 1207 arrriseraut
1773 1165 1848 1218 suos,
1862 1169 1906 1206 ιιι

1109 1241 1243 1295 audebant
1260 1241 1373 1298 humare
1398 1250 1509 1313 propter
1523 1241 1722 1309 lorrnidinem,
1750 1258 1815 1298 curu
1829 1245 1906 1312 granis

1109 1347 1200 1392 terror
1212 1337 1353 1407 ingrueret
1367 1351 1382 1390 a
1403 1337 1520 1392 diuersae
1538 1336 1666 1394 laetionis
1681 1337 1857 1409 principibus
1867 1357 1875 1392 ε
1886 1349 1908 1392 et

1111 1429 1137 1483 bi
1153 1430 1198 1499 qui
1218 1442 1400 1496 nccarcrant,
1416 1430 1521 1486 alienos
1544 1431 1699 1498 carebant,
1723 1447 1763 1486 ne
1785 1430 1847 1501 quis
1858 1432 1908 1484 iiius

1110 1522 1270 1593 praeriperet
1280 1523 1314 1578 ad
1325 1523 1503 1593 sepulturam.
1517 1521 1610 1593 ltaque
1622 1537 1742 1578 necesse
1754 1531 1817 1578 erat
1827 1537 1908 1576 omnes

1111 1615 1218 1682 timere,
1234 1630 1268 1670 ne
1283 1615 1356 1686 quod
1371 1616 1449 1671 alteri
1462 1616 1565 1671 donare
1576 1616 1695 1684 vellent,
1713 1616 1744 1671 id
1760 1615 1817 1671 sibi
1829 1630 1909 1669 sume

1110 1718 1171 1764 rerrt
1186 1727 1193 1763 ε
1207 1709 1248 1763 ιιι
1262 1708 1334 1780 qttod
1349 1709 1427 1780 peius
1439 1719 1493 1777 est,
1504 1725 1585 1780 quem
1601 1716 1776 1780 paraverant
1786 1722 1861 1765 usum
1873 1723 1908 1764 se·

261 1797 402 1867 populum,
417 1814 467 1853 usu
482 1799 688 1857 simulacrorum
705 1801 904 1859 insensibilium
917 1813 944 1859 ει
955 1811 1059 1858 statua·
1074 1803 1097 1864 Β
1112 1802 1214 1872 poderi,
1228 1817 1290 1858 curn
1306 1802 1356 1873 ipsi
1373 1819 1427 1859 non
1441 1803 1630 1872 impetrarent.

260 1902 320 1944 runt
337 1903 413 1946 ntore
436 1889 503 1946 nibil
517 1892 573 1963 jam
590 1891 782 1950 bsentientem
809 1895 1061 1952 commaculatum?

261 1980 331 2036 liuta
352 1983 426 2039 enim
449 1985 577 2043 animalia
605 1987 709 2044 referre
734 1989 841 2055 solent,
857 1990 900 2044 vel
925 1989 1062 2046 uicissitu-

260 2072 352 2132 dinem
370 2076 517 2146 vindictae,
536 2082 640 2139 sentire
657 2082 803 2154 injuriam,
819 2085 927 2140 incitari
942 2085 1059 2152 aculeo,

259 2169 398 2228 declinare
412 2174 538 2248 uerbera.
555 2175 606 2244 eri
629 2192 693 2250 ergo
709 2193 760 2235 nec
774 2179 930 2248 excitatur,
946 2193 997 2234 nce
1010 2178 1061 2236 de·

260 2261 364 2320 clinare
382 2265 457 2322 trorit
472 2267 544 2338 quod
559 2278 673 2338 noceat,
697 2269 793 2326 similis
806 2278 914 2327 estnon
937 2271 1059 2327 sentien-

262 2359 345 2416 tibris.
1011 2365 1013 2372 ’

569 2458 684 2517 CAPUT
704 2459 748 2516 tlt.

296 2551 330 2606 ιιι
344 2565 437 2608 ιειειι
455 2553 500 2610 ubi
522 2553 636 2610 libertas
651 2564 706 2618 tua,
723 2553 802 2626 cuius
819 2553 910 2611 studio
923 2553 1061 2626 quondam

261 2659 315 2701 noo
327 2643 475 2718 AEgyptiis‚
488 2662 541 2702 non
556 2647 723 2714 Palaestinis,
742 2662 795 2702 non
808 2647 948 2720 Assyriis,
966 2655 1061 2718 postca

263 2753 315 2794 non
332 2737 416 2794 Medis
430 2739 582 2796 cedendum
599 2740 810 2796 existimavisti?
825 2739 870 2796 ubi
885 2751 927 2796 est
948 2740 992 2795 illa
1007 2741 1063 2795 hla-

262 2832 435 2890 chabaeorum
448 2834 525 2901 indes,
540 2850 601 2906 qum
615 2835 753 2905 quondam
770 2835 795 2889 in
813 2836 907 2905 paucis
925 2832 995 2890 indit
1011 2834 1062 2889 Bn-

262 2925 404 2997 bylonios,
421 2926 518 2983 Persas
538 2927 656 2998 legarit,
686 2927 851 2983 itemetriunt
872 2928 1007 2998 perculit;
1028 2928 1061 2982 ad

263 3027 430 3088 postremum
444 3019 471 3074 in
484 3018 604 3090 paruulis
615 3034 647 3075 ac
662 3019 823 3075 mulieribus
835 3018 962 3076 Antiochi
973 3033 1060 3085 arma,

262 3109 367 3179 gladios
382 3111 564 3184 incendiaque
585 3113 726 3184 superauit
741 3130 747 3166 :
762 3121 791 3168 et
805 3127 855 3183 pro
869 3111 1063 3168 obseruatione

1424 1894 1540 1952 carba
1561 1894 1605 1952 t'l.

1147 1989 1177 2045 ln
1191 1990 1291 2059 templo
1303 1989 1386 2060 igitur
1397 1989 1447 2062 ipsi
1459 2005 1509 2061 pro
1522 1993 1670 2062 unguentis
1682 1990 1758 2046 bene
1769 1989 1908 2055 olentibus,

1112 2097 1161 2152 pro
1172 2081 1400 2153 thymiamateriis
1412 2083 1482 2138 bene
1492 2081 1670 2152 spirantibus,
1683 2097 1736 2153 pro
1747 2080 1908 2136 diversoum

1111 2173 1208 2230 dorum
1223 2174 1375 2242 odoribus,
1397 2174 1488 2245 grauis
1502 2181 1562 2230 erat
1583 2173 1791 2243 insepultorum
1806 2171 1910 2228 cadere

1112 2282 1172 2322 rum
1194 2267 1274 2333 letor,
1289 2283 1350 2338 qum
1362 2267 1453 2338 pluria
1468 2266 1647 2334 dissolverat,
1658 2283 1721 2337 quae
1736 2265 1849 2322 namma
1859 2280 1909 2319 arn·

1113 2362 1249 2428 busserat,
1262 2376 1322 2432 qum
1335 2362 1375 2418 sol
1389 2360 1563 2418 calelecerat.
1579 2359 1682 2416 Otttnes
1693 2369 1775 2416 artus
1785 2373 1908 2415 caesorum

1112 2455 1212 2509 civium
1233 2452 1293 2509 diro
1314 2453 1400 2509 odore
1425 2452 1556 2510 terebant.
1576 2452 1646 2508 ilinc
1664 2454 1857 2509 resolutorum
1869 2465 1910 2521 pn-

1113 2547 1191 2604 tredo
1205 2548 1353 2614 uiscerum,
1367 2547 1431 2603 inde
1445 2555 1604 2603 exustorum
1619 2546 1699 2601 nidor
1711 2560 1815 2602 sensus
1824 2559 1908 2600 omnes

1112 2653 1194 2715 atque
1207 2658 1253 2699 ora
1269 2644 1443 2714 corripiebant
1458 2643 1625 2708 nitentium,
1646 2650 1676 2696 ut
1690 2641 1743 2712 ipsi
1759 2654 1817 2696 non
1833 2639 1908 2693 mutto

1113 2750 1175 2809 post
1188 2738 1315 2809 graviore
1338 2736 1434 2792 rororbo
1455 2745 1700 2799 consumerentur,
1718 2748 1752 2790 ae
1774 2748 1807 2788 sc
1825 2745 1907 2798 super-

1113 2831 1192 2887 stites
1214 2831 1443 2902 ingemiscerent,
1461 2829 1533 2902 quod
1552 2829 1665 2886 duriore
1680 2843 1762 2900 perna
1780 2828 1906 2898 perirent,

1113 2939 1201 2994 coqrre
1221 2933 1362 2989 serratos,
1385 2931 1415 2978 ut
1436 2922 1560 2979 riderent
1573 2937 1635 2976 cunt
1652 2920 1742 2991 patria
1758 2917 1906 2976 simulsuhi

1114 3019 1196 3074 etiam
1213 3020 1287 3090 leges
1308 3028 1429 3084 naturae,
1446 3017 1540 3090 negari
1558 3016 1604 3088 jrrs
1627 3016 1803 3083 virentibus,
1825 3025 1906 3083 pacem

1114 3111 1229 3178 ciuibus,
1243 3113 1411 3184 sepulturam
1424 3109 1570 3176 defunctis,
1586 3109 1703 3163 humana
1718 3108 1825 3179 pariter
1836 3115 1904 3170 atoue

263 3203 358 3273 patriae
371 3205 440 3259 mori
454 3205 567 3272 maluit,
583 3219 663 3274 apuam
684 3205 768 3275 regiis
781 3205 903 3275 imperiis
920 3188 1098 3273 obtempc·C
1114 3205 1208 3260 diviua
1224 3203 1356 3258 maculari
1378 3217 1410 3258 ae
1423 3200 1525 3274 pollui,
1543 3199 1678 3270 permixta
1698 3200 1804 3254 omnia.
1819 3194 1905 3251 Crimi-

264 3296 345 3351 rarei
361 3295 413 3352 Ubi
429 3305 471 3353 est
485 3298 530 3353 illa
545 3299 655 3354 devotio
670 3309 786 3368 patrum,
800 3299 984 3372 pulcherrima
1001 3316 1064 3372 pas·
1116 3314 1208 3354 nosant
1230 3312 1291 3353 esse
1314 3296 1547 3362 misericordiam,
1573 3294 1714 3362 religionis
1739 3293 1803 3349 loco
1823 3289 1903 3345 haberi

262 3386 370 3443 sionurn
384 3391 505 3446 omnium
519 3432 526 3456 ‚
542 3406 595 3462 qua
610 3407 641 3448 se
655 3407 709 3448 non
735 3408 783 3462 pro
808 3393 922 3460 liberis,
943 3407 996 3449 non
1013 3409 1063 3464 pro
1113 3391 1320 3457 crudelitatem,
1333 3400 1453 3446 castrum
1474 3390 1501 3445 in
1519 3390 1636 3460 templo,
1650 3389 1752 3446 bellom
1771 3389 1800 3443 in
1813 3386 1903 3447 limine,

264 3479 425 3550 cortjngibus
440 3481 539 3553 magis,
561 3499 642 3553 quam
655 3499 703 3554 pro
717 3483 818 3554 templo
837 3485 884 3542 bei
901 3487 980 3542 morti
997 3487 1063 3543 olic-
1114 3485 1196 3539 ιιιιιιιι
1210 3483 1236 3538 ιιι
1252 3483 1385 3538 altaribus
1403 3499 1410 3537 τ
1425 3497 1456 3539 ea
1470 3489 1594 3552 spectare
1607 3480 1708 3548 oculis,
1723 3496 1786 3549 qum
1799 3476 1902 3551 prophe·

266 3573 378 3628 rebant?
400 3573 487 3632 Antea
503 3584 531 3632 ct
544 3576 618 3648 virga
640 3576 818 3634 sacerdotalis
842 3577 953 3646 lloruit,
976 3583 1063 3635 recisa
1115 3579 1149 3633 tis
1163 3577 1388 3634 denuntiantibus
1408 3592 1461 3632 oon
1478 3573 1662 3630 credidissent
1679 3573 1783 3629 lutura.
1800 3571 1863 3627 Naro
1877 3567 1903 3621 de

263 3663 298 3722 de
318 3667 436 3724 sitresni
452 3669 543 3726 radice
565 3685 661 3727 :nune
683 3680 711 3726 et
725 3671 792 3728 sides
810 3681 889 3741 aret,
907 3681 935 3730 et
956 3675 1061 3745 sepulta
1116 3672 1158 3726 bis
1183 3671 1290 3726 dixerat
1316 3668 1400 3724 barid
1423 3686 1429 3722 :
1454 3667 1612 3724 Polluerunt
1643 3665 1770 3738 templum
1797 3673 1901 3720 sericeam

261 3769 303 3815 cst
327 3761 431 3830 pictas,
453 3772 480 3817 et
504 3763 570 3819 abiit
591 3765 681 3820 omrris
700 3765 809 3822 virtutis
830 3768 978 3823 aemulatio.
1004 3769 1060 3824 Nec
1115 3774 1205 3829 inunt,
1221 3771 1364 3836 potuerunt
1377 3761 1498 3817 mortalia
1512 3776 1643 3815 amorum
1663 3771 1767 3815 tuorum
1780 3770 1900 3814 mearco·

265 3853 377 3922 llllt‘tllll.
390 3853 412 3908 Sl
426 3857 541 3925 populus
556 3860 602 3928 qui
620 3874 634 3911 a
651 3859 706 3914 Deo
720 3861 849 3928 recessit,
868 3872 894 3916 ct
908 3862 1062 3932 improbum
1114 3858 1230 3913 docilibus
1241 3857 1297 3912 coeii
1307 3873 1316 3912 :
1327 3855 1811 3926 effuderttntaunpuinenteornmaierit
1820 3863 1900 3921 ιιιιιιι

263 3948 486 4004 contradictionis
497 3951 623 4020 spiritum
638 3952 771 4022 sequitur,
784 3951 810 4007 in
820 3966 850 4008 se
863 3955 950 4024 ipsum
959 3953 1062 4009 diuisus

263 4048 315 4093 est.
330 4038 472 4107 Quomodo
488 4039 559 4096 enim
572 4056 667 4111 pacem
681 4057 757 4098 sunm
775 4051 867 4098 tenere
882 4052 999 4114 poterat,
1014 4045 1062 4115 qui

263 4144 356 4199 pacem
368 4131 415 4187 Dei
427 4133 597 4204 repudiarit?
617 4133 675 4190 Poe
690 4133 738 4190 Dei
757 4132 877 4191 Christus
892 4144 947 4204 est,
964 4137 1009 4207 poi
1024 4140 1062 4208 [-

262 4225 296 4278 cit
307 4234 416 4297 utroque
427 4244 506 4282 anatot
523 4227 632 4303 (Epirea.
649 4247 686 4299 tr,
702 4229 759 4302 ιι).
772 4231 868 4289 blerito
880 4247 946 4303 crgo
958 4248 991 4288 ex
1007 4249 1062 4290 uoo

1114 3955 1141 4008 in
1156 3955 1265 4008 circuita
1278 3951 1455 4018 Hierusalem,
1469 3960 1493 4004 et
1504 3967 1555 4004 nort
1566 3959 1621 4004 eret
1633 3949 1678 4018 ptri
1689 3949 1810 4020 sepeliret
1824 3941 1900 4018 (Pani.

1114 4062 1228 4114 exirm,
1241 4045 1309 4116 t-5).
1323 4045 1409 4100 Simul
1421 4045 1494 4098 enim
1503 4055 1577 4108 tunc,
1589 4052 1617 4096 ει
1626 4051 1726 4113 gentes
1739 4045 1866 4096 renerum
1878 4036 1899 4086 in

1113 4140 1300 4196 haereditatem
1324 4138 1444 4208 meique
1465 4135 1585 4191 airlerret
1599 4135 1710 4202 outnia,
1732 4142 1760 4186 et
1784 4128 1899 4200 templum

1114 4233 1246 4304 pollutum
1267 4240 1310 4285 est
1324 4243 1435 4285 suorum
1450 4227 1607 4292 funeribus,
1624 4234 1652 4281 et
1670 4223 1809 4295 insepulta
1821 4223 1900 4294 jacue-

262 4320 364 4389 populo
386 4321 478 4392 plnres
500 4323 644 4380 adversum
660 4339 690 4381 se
706 4326 767 4380 lacti
788 4336 868 4392 sunt,
884 4327 947 4397 qrria
964 4329 1061 4385 nolue·
1113 4337 1178 4383 runt
1190 4325 1323 4382 cadauera
1340 4323 1545 4380 interfectorum
1558 4320 1592 4376 ad
1607 4335 1699 4376 escam
1713 4319 1803 4373 arium
1815 4313 1900 4371 bestia·

262 4423 324 4467 runt
337 4415 413 4486 seqtri
426 4415 512 4472 divisa
526 4417 678 4474 sociantem
692 4417 803 4484 lesum,
826 4418 875 4475 sed
893 4421 980 4477 secuti
997 4430 1062 4477 sum
1113 4434 1227 4490 rumque
1241 4419 1436 4485 voracitatem,
1451 4412 1674 4485 effusussanguis
1687 4423 1716 4466 ιιι
1729 4418 1861 4482 stagnaret
1876 4405 1897 4458 ιι

262 4507 406 4577 conjuncta
421 4508 586 4567 dividentem
602 4509 703 4567 luroris
717 4511 853 4583 spiritum.
1114 4514 1237 4585 templo,
1262 4512 1371 4568 deesset
1390 4512 1435 4582 qui
1451 4509 1582 4580 sepeliret
1606 4525 1612 4562 :
1633 4508 1697 4579 qrria
1716 4506 1858 4562 virentium
1877 4499 1898 4553 in

565 4603 691 4676 ,CAPUT
710 4605 744 4660 v.
1075 4579 1444 4675 ”morinummontem
1459 4618 1508 4660 eos
1523 4603 1569 4673 qui
1580 4601 1671 4657 adhuc
1686 4599 1824 4665 viverent,
1838 4595 1899 4651 luror

299 4693 430 4750 Solvebas
443 4696 536 4766 igitur,
563 4697 745 4763 hierusalem,
761 4697 914 4756 mercedem
940 4698 1062 4770 perfidiae
1113 4700 1340 4758 transierebatur.
1356 4699 1472 4754 Volebat
1487 4697 1585 4767 aliquis
1599 4695 1758 4751 delunctum
1781 4693 1897 4752 humare

263 4791 333 4850 tum,
355 4801 416 4841 cum
440 4788 497 4859 ipsa
513 4790 566 4847 tuis
581 4791 705 4848 ntanibus
724 4791 881 4848 destrueres
893 4793 1062 4848 munimenta
1112 4798 1171 4870 ipse
1184 4794 1421 4866 exstinguebatur.
1434 4795 1471 4849 Et
1484 4794 1529 4862 otri
1545 4791 1703 4847 defunctum
1718 4791 1863 4852 occiderat,
1876 4786 1896 4839 in

263 4885 324 4945 tun,
354 4893 414 4933 curn
430 4881 483 4936 tuis
507 4884 683 4940 mucronibus
696 4883 804 4942 luderes
819 4887 925 4942 viscera
943 4896 1005 4953 ιιιι,
1024 4886 1060 4940 ιιι
1111 4888 1281 4962 sepultorem
1302 4886 1484 4943 translercbat
1506 4884 1738 4948 iracundiam,ut
1760 4883 1801 4938 illi
1822 4878 1897 4950 sepul·
1979 4941 1980 4952 χ

264 4982 295 5028 ιι
306 4973 392 5029 hostis
405 4974 591 5047 misereretur,
607 4989 636 5034 ut
651 4980 697 5036 ille
708 4991 878 5052 parceret,et
895 4992 922 5035 ιιι
937 4983 1059 5037 saevires,
1112 4990 1199 5037 turam
1215 4990 1327 5050 negaret
1340 4998 1347 5034 a
1361 4978 1432 5035 bunc
1445 4978 1638 5049 exstinguebat
1650 4992 1747 5033 rursus
1760 4977 1806 5048 qui
1821 4972 1898 5046 sepul·
1978 4984 1980 5047 ᾗ

264 5067 382 5126 videbas
397 5069 487 5137 enirn,
503 5075 575 5143 quod
589 5077 659 5131 bens
673 5077 818 5133 adversum
830 5086 857 5132 tc
873 5084 1018 5148 pugnaret,
1034 5084 1062 5132 et
1113 5085 1201 5130 torem
1222 5073 1381 5140 occiderat,
1402 5073 1533 5142 majorem
1555 5070 1746 5126 crudelitatem
1769 5070 1844 5125 circa
1861 5066 1897 5122 dc·

264 5161 449 5218 hostiariorum
461 5163 616 5235 iungeretur
629 5171 760 5238 partibus,
774 5178 804 5224 ιιι
814 5171 871 5240 ipsa
884 5170 931 5225 tibi
944 5169 1062 5226 inlcrres
1110 5168 1235 5224 iunctum
1259 5167 1428 5234 exercebat,
1450 5177 1480 5220 ut
1501 5165 1557 5235 jam
1574 5164 1642 5219 nibil
1667 5163 1813 5220 debentem
1828 5162 1896 5220 odio.

263 5256 444 5312 voluntariam
460 5257 637 5328 perditionem
654 5278 660 5314 :
674 5261 736 5316 ideo
746 5271 913 5332 spectatores
923 5262 1062 5319 malebant
1113 5276 1168 5316 non
1182 5261 1345 5316 sentientem
1359 5257 1504 5330 supplicia,
1516 5257 1648 5328 spoliaret
1663 5270 1794 5327 supremo
1808 5264 1897 5311 nattum

265 5365 327 5409 esse
341 5350 476 5418 Romani,
489 5367 569 5424 apuam
585 5365 776 5424 percussores,
790 5373 825 5412 ne
840 5357 995 5412 furentibus
1009 5358 1062 5413 turis
1113 5355 1215 5412 debito.

268 5446 339 5504 inter
361 5462 391 5504 se
412 5447 561 5505 visceribus
576 5489 583 5517 ,
600 5462 709 5504 manum
724 5447 870 5507 admonere
892 5450 1063 5522 contagionis
1417 5443 1531 5501 CAPUT
1547 5442 1605 5501 Vll·

270 5539 366 5612 magis,
382 5556 461 5612 quam
477 5540 644 5599 fortitudinis
662 5540 871 5600 aestimarentur.
887 5544 927 5600 hd
942 5543 1000 5600 hac
1015 5559 1063 5600 ne·
1151 5541 1222 5613 Quid
1243 5539 1297 5596 illis
1307 5538 1434 5594 accidere
1448 5529 1520 5594 aliud
1535 5545 1660 5608 poterat,
1675 5536 1723 5608 qui
1734 5534 1826 5591 diuina
1854 5545 1894 5586 ιιι

267 5628 357 5689 tandae
381 5631 458 5689 neeis
474 5634 608 5706 supplicia
633 5625 779 5692 accedebat
802 5634 884 5706 impia
906 5635 1063 5692 immanitas
1112 5634 1283 5709 recipiebant
1296 5630 1792 5703 oraculalIrridebantpropbetarum
1805 5641 1895 5684 annun

1149 5771 1162 5803 ι’
1183 5770 1264 5826 Forte
1280 5770 1454 5853 sentientium.
1468 5747 1605 5826 cateiam

298 5776 310 5806 ι
331 5748 488 5840 inserperet.
501 5743 584 5828 Bion.
