4075 6359
345 204 417 270 2055
511 270 513 280 ,

339 324 557 397 etobseerandn,
572 323 651 383 slmul
666 322 798 396 pollicens
812 335 900 397 usque
913 324 946 381 ad
958 326 1181 391 circumcisio-ll

337 438 401 481 nem
425 435 533 495 quoquc
553 434 583 477 se
600 417 723 477 ludmum
744 417 874 485 luterum,
887 419 963 477 solus
974 430 1138 479 reservatur.

326 512 331 517 ‘
651 510 765 570 eleut
785 513 833 569 ill.

373 610 494 670 Ardebat
515 607 604 665 omnis
626 606 719 665 luder
742 624 750 663 a
775 606 852 681 Syria
873 622 980 681 quoque
999 608 1140 679 provincia

336 706 427 763 omnis
450 705 476 761 in
501 703 602 760 bellum
627 712 641 741 ι·
661 702 790 759 excitata.
815 702 937 775 Denique
956 703 1139 761 Ceramenses

337 812 522 872 quoscumque
548 796 683 853 habebam
703 796 813 853 ludaeos
840 796 1062 856 interfecerunt:
1084 813 1139 869 qrro

334 892 431 949 dolore
454 890 578 957 excitati,
598 890 728 962 plurimas
749 890 837 964 Syrirc
849 890 932 948 urbes
947 890 1033 948 ludaei
1047 890 1136 947 adorsi

336 985 562 1043 debellaverunt:
581 999 714 1057 nusquam
732 984 788 1057 jus,
803 999 936 1057 nusquam
951 985 1047 1057 religio
1061 1003 1068 1039 ε
1086 1000 1136 1041 uo·

334 1082 417 1139 bilior
429 1088 500 1151 erat,
517 1081 564 1152 qui
580 1080 658 1152 plura
672 1068 834 1152 diripuerat,
855 1078 934 1153 quasi
948 1080 1058 1152 praemia
1071 1092 1137 1135 eou-

335 1191 433 1249 qercns
459 1176 639 1233 lortitudinis.
668 1176 733 1231 Erat
751 1175 937 1247 spectaculum
960 1174 1135 1242 miserabile,

332 1283 394 1325 crim
419 1268 558 1326 inlnrmata
583 1283 699 1341 corpora
715 1270 818 1341 passim
830 1268 954 1340 jacerem
966 1268 993 1324 in
1011 1267 1133 1334 urbibus3

333 1365 425 1437 pueris
440 1364 582 1422 commixti
594 1379 686 1433 senes,
700 1362 828 1420 mulieres
839 1377 946 1435 quoque
957 1378 1008 1419 nec
1022 1371 1136 1434 propter

332 1458 527 1516 verecundiam
553 1458 736 1530 spectantium
762 1457 937 1513 munimentis
963 1456 1062 1529 quibus
1084 1470 1135 1527 pu·

331 1550 421 1609 denda
441 1560 618 1625 tegerentur,
644 1552 769 1609 relictis:
794 1552 885 1607 omnia
907 1548 978 1608 loeda
1003 1559 1033 1606 et
1052 1550 1133 1621 plena

331 1648 424 1720 speeie
441 1646 609 1717 miserabili,
625 1663 687 1720 qum
706 1662 768 1704 cum
784 1654 884 1703 tetrum
900 1644 1043 1702 borrorcm
1053 1658 1134 1700 erce·

1004 206 1128 271 subest
1146 205 1309 272 tueuosu
1895 219 1940 283 less

1500 324 1618 387 CAPUT
1635 324 1699 385 llll.

1230 422 1356 481 Loebam
1376 421 1451 479 euim
1477 421 1614 481 scelerum
1640 434 1758 479 suorum
1781 421 1942 499 suppliciaque

1193 526 1337 589 postquam
1354 518 1498 575 bominum
1519 517 1613 575 lesum
1625 515 1824 574 erucifixerunt
1839 517 1944 577 diuinum

1190 611 1341 680 arbitrum,
1367 622 1462 683 postea
1477 613 1561 669 etiam
1586 612 1744 685 discipulos
1769 611 1825 685 ejus
1842 629 1944 686 perteque·

1190 705 1298 764 barvlur.
1324 706 1453 779 Plerique
1476 718 1566 766 tamen
1591 707 1770 776 ludaeorum,
1792 717 1818 765 et
1842 708 1945 768 Gentilium

1190 800 1301 870 plurimi
1315 799 1493 857 crediderunt
1508 802 1535 857 in
1550 817 1625 869 eum,
1641 817 1708 859 cum
1723 803 1859 873 praeceptis
1872 805 1946 860 muri·

1189 890 1242 950 bus
1259 891 1444 967 operibusque
1465 894 1537 951 ultra
1567 895 1719 952 humanam
1746 904 1891 967 polssmtem
1908 913 1947 968 pre

1189 986 1339 1045 fluentibus
1361 990 1568 1047 invitarentur:
1595 991 1699 1063 quibus
1727 1004 1763 1047 ue
1786 1005 1855 1047 mors
1873 993 1945 1063 quibu

1189 1080 1250 1154 ejus
1272 1082 1316 1139 rel
1342 1082 1420 1151 lidei,
1445 1084 1489 1139 vel
1507 1084 1603 1154 qratia
1627 1082 1714 1141 duem
1739 1082 1875 1155 imposuit,
1895 1084 1947 1139 inm

1188 1174 1271 1230 eliam
1286 1174 1438 1233 cumulavit
1449 1175 1634 1233 devotionem.
1650 1175 1809 1235 intulerunt
1820 1175 1898 1247 itaque
1911 1194 1947 1250 pu

1188 1263 1318 1323 rieldales
1338 1282 1451 1333 manus,
1470 1278 1553 1338 atque
1571 1277 1717 1326 auctorem
1737 1269 1803 1325 vitae
1828 1270 1947 1326 interlider-

1187 1358 1252 1415 dum
1277 1359 1311 1416 ad
1332 1359 1450 1417 Pilatum
1464 1361 1604 1419 deduxere
1619 1380 1627 1418 :
1643 1363 1829 1421 reluctantem
1849 1378 1947 1435 cepere

1189 1465 1339 1523 perurgere
1350 1452 1469 1524 iudicem
1484 1473 1493 1511 a
1512 1456 1538 1511 in
1558 1471 1613 1528 quo
1628 1466 1723 1514 umen
1743 1472 1799 1514 uon
1814 1459 1948 1515 cremabatur

1188 1546 1302 1616 Pilatus,
1316 1547 1365 1605 sed
1379 1548 1537 1606 lrruuornm
1553 1551 1675 1609 amentia
1687 1552 1900 1617 coacervabatur:
1909 1555 1946 1625 quir

1188 1654 1239 1696 nce
1259 1640 1307 1698 ille
1318 1640 1475 1713 adiudicare
1488 1642 1593 1711 debuit,
1612 1659 1697 1715 quem
1717 1660 1797 1701 reum
1815 1646 1947 1701 miuiuele

331 1741 430 1800 derenl
440 1743 531 1814 gravis
545 1756 577 1799 ac
590 1742 702 1799 melariae
712 1739 890 1807 crudelitatis,
904 1738 1029 1811 graviora
1041 1746 1133 1794 tamen
1149 1741 1174 1802 Β
1187 1733 1387 1805 prehenderet3
1411 1751 1464 1793 nec
1481 1737 1527 1793 isli
1545 1738 1723 1810 saerilegium
1741 1737 1878 1811 parricidio
1892 1740 1945 1810 geri·

331 1836 421 1893 adbuc
443 1836 494 1893 sibi
516 1836 632 1895 iuvieem
653 1834 860 1893 minitabantur.
879 1834 945 1891 Erat
962 1830 1134 1890 immauela-

330 1930 474 1989 trocinium
498 1931 569 1989 inter
587 1930 696 1989 ludaeos
722 1946 754 1987 uc
776 1930 871 2003 Syros,
895 1944 957 1986 cum
978 1944 1042 2002 spes
1058 1929 1132 1986 nulla

328 2026 425 2082 salutis
446 2034 530 2097 esset,
558 2023 610 2083 nisi
636 2032 665 2081 ut
681 2024 801 2081 invicem
811 2040 842 2081 se
856 2025 1050 2097 praeuenirent.
1065 2024 1132 2093 Quae

330 2120 403 2178 enim
424 2120 540 2191 civitas,
556 2134 617 2193 quae
634 2135 688 2177 nort
711 2120 821 2177 ludaeos
839 2119 920 2177 simul
932 2126 960 2176 et
972 2120 1056 2193 Syros
1069 2134 1132 2193 per·

330 2216 431 2271 rnlrtos
451 2212 582 2271 baberet?
595 2214 659 2272 Dies
677 2213 704 2271 in
722 2212 871 2286 sanguiue,
887 2223 981 2272 noctes
996 2217 1024 2271 in
1038 2215 1132 2271 lormi-

326 2307 391 2366 diue
402 2310 624 2381 transigebantur
636 2324 644 2365 r
656 2324 707 2366 nec
724 2307 805 2374 odiis,
822 2324 873 2365 uec
892 2309 1012 2366 avaritie
1031 2308 1130 2366 modus

327 2399 411 2458 ullus.
426 2400 494 2458 Nam
511 2411 612 2475 practer
630 2412 767 2459 sectarum
786 2410 814 2459 et
825 2402 914 2461 cultus
929 2403 1129 2472 diversitatem,

325 2508 387 2567 quae
411 2496 440 2552 in
462 2495 563 2552 malum
581 2496 719 2568 publicum
740 2506 885 2567 eruperat,
902 2506 931 2553 ut
944 2512 959 2553 e
972 2497 1085 2555 diverso
1099 2512 1129 2554 se

325 2590 448 2661 perditos
463 2591 564 2649 vellem
574 2607 582 2661 ;
594 2592 707 2650 avaritia
721 2592 837 2650 labendi
852 2604 880 2650 et
894 2594 1017 2665 rapiendi
1029 2594 1128 2666 cupido

1185 1844 1265 1899 nare,
1280 1838 1311 1887 ut
1323 1830 1359 1889 ab
1372 1832 1425 1901 bis,
1440 1832 1487 1903 qui
1506 1832 1540 1889 ad
1558 1833 1738 1891 redimendos
1752 1842 1782 1892 et
1795 1834 1945 1891 mirandoseu·

1181 1937 1243 1981 sese
1261 1924 1416 1993 obtulerat,
1437 1924 1673 1984 obtruncaretur:
1698 1928 1737 1985 de
1753 1942 1809 1999 quo
1828 1927 1872 1997 ipsi
1891 1925 1945 1982 lule

1181 2031 1292 2089 quoque
1319 2025 1470 2084 testamur,
1495 2017 1605 2075 dicente
1624 2016 1640 2057 ἃ
1658 2018 1789 2091 losepbo
1814 2018 1944 2075 historianu

1181 2112 1328 2181 scriptore,
1342 2111 1416 2183 quod
1437 2110 1516 2182 {narb
1530 2113 1576 2168 illo
1596 2113 1625 2167 iu
1643 2122 1766 2185 tempore
1782 2115 1821 2169 uir
1833 2114 1922 2184 sapim,
1932 2116 1945 2166 ιι·

1181 2212 1268 2259 lumen
1287 2212 1397 2275 oportet,
1414 2204 1512 2276 inquil,
1532 2206 1617 2261 uirum
1632 2206 1700 2274 diei,
1720 2207 1873 2263 mirabilium
1889 2216 1943 2277 prun

1181 2305 1263 2353 toron
1278 2299 1409 2368 operum:
1423 2298 1467 2368 qui
1480 2299 1628 2371 apparuerit
1642 2299 1786 2372 discipulis
1800 2301 1851 2355 suls
1860 2308 1906 2370 post
1915 2299 1941 2352 lr'·

1180 2387 1264 2444 duum
1275 2390 1791 2459 mortiaauoeuiuenriteram,aeeurrdum
1801 2394 1941 2464 propitiurs

1179 2480 1347 2552 scriptusqui
1358 2488 1383 2537 et
1399 2482 1455 2538 lrmc
1467 2491 1493 2537 el
1505 2482 1560 2537 ulio
1576 2482 1784 2539 innunterubiit‘u
1800 2493 1813 2520 θ
1825 2486 1854 2538 de
1865 2482 1941 2553 replear

1179 2572 1314 2627 miraculis
1337 2573 1579 2645 prophetaverunt:
1596 2590 1629 2631 ea
1646 2591 1701 2646 quo
1724 2575 1803 2648 coepit
1821 2575 1940 2647 eonpequu

323 2682 362 2740 ita
378 2683 499 2740 animum
513 2686 667 2755 invaserat,
683 2695 712 2741 ut
726 2686 813 2755 nulli,
830 2702 909 2759 quem
925 2688 1023 2758 praedm
1037 2688 1129 2745 studio
1178 2662 1387 2721 C⁶ff⁸⁸³a¹¹⁰f¹¹m
1400 2682 1411 2723 ·'
1423 2675 1452 2723 θῑ
1473 2668 1500 2723 ¹¹¹
1515 2682 1597 2724 ‘’mni'‘
1611 2667 1757 2726 ¹¹⁰¹¹¹i¹¹¹¹¹¹¹
1773 2668 1940 2740 9²⁰⁰¹¹²'⁵²⁸⁶·'

322 2778 504 2853 deputassent
524 2782 605 2849 neei,
627 2781 793 2855 parcendum
812 2783 991 2840 aestimarent.
1007 2783 1078 2853 Quid
1094 2784 1128 2842 de
1182 2774 1250 2828 ”¹¹⁸3
1266 2776 1318 2818 ¹¹⁰⁰
1342 2761 1397 2818 '¹¹¹³
1419 2762 1494 2819 ”²²5⁰
1515 2761 1631 2819 R⁰¹¹¹²¹¹⁵
1653 2763 1735 2823 ⁰¹¹³⁵⁸
1757 2765 1937 2832 mmmmm
1967 2801 1968 2808 ¹

321 2872 430 2931 mirrore
454 2890 571 2933 numero
586 2890 720 2934 cucsorum
742 2877 859 2950 loquarl
870 2876 939 2934 Nam
952 2887 1056 2950 praeter
1068 2877 1126 2936 Au-

322 2970 485 3042 tioclreuos,
507 2982 535 3029 et
554 2972 684 3032 Sidonios
703 2984 730 3031 ct
742 2974 910 3047 Apamenos,
925 2976 1038 3034 dilllcile
1049 2976 1127 3049 quis-

321 3081 402 3137 quam
419 3066 547 3140 populus,
562 3067 746 3126 inhabitantes
758 3084 852 3127 secum
870 3068 981 3127 ludaeos
995 3085 1050 3127 uon
1062 3085 1125 3142 per-

320 3173 432 3220 seculus
455 3172 508 3221 est.
529 3164 544 3205 b
567 3164 712 3224 dorassem
730 3175 821 3224 autem
843 3167 1006 3225 etuolemes
1019 3165 1122 3239 egredi,

321 3270 410 3327 nsque
427 3257 460 3313 ad
474 3258 543 3316 lines
557 3261 684 3331 proprios
699 3261 838 3332 prosecuti
851 3268 932 3329 sunt,
949 3268 979 3316 ut
992 3261 1053 3315 sine
1068 3259 1123 3315 ulla

1178 2853 1271 2911 cultus
1283 2853 1344 2925 ejus
1356 2868 1459 2926 expers
1475 2855 1688 2928 relinqueretur.
1705 2857 1737 2915 st
1752 2858 1830 2915 nobis
1844 2872 1888 2911 nor
1902 2870 1937 2909 ere

1177 2946 1353 3015 duntludet,
1373 2948 1415 3003 uel
1431 2948 1488 3004 suis
1508 2948 1624 3007 credam
1644 2969 1652 3005 r
1671 2949 1728 3007 boc
1749 2951 1822 3007 dixit
1833 2947 1935 3019 tueplu

1176 3055 1257 3114 quem
1272 3040 1324 3112 ipsi
1336 3040 1486 3099 marimum
1501 3051 1616 3114 putante
1630 3051 1659 3100 et
1671 3053 1767 3103 umen
1783 3046 1819 3102 ita
1832 3048 1892 3100 iueo
1901 3043 1936 3111 iptt

1137 3134 1250 3212 cquod
1263 3150 1357 3191 uerum
1381 3136 1489 3193 loeutus
1503 3146 1560 3204 est,
1577 3136 1614 3194 ita
1635 3149 1732 3197 meme
1752 3140 1845 3199 devius
1862 3138 1907 3204 leit,
1919 3146 1935 3189 u

1175 3244 1227 3286 uec
1252 3230 1425 3287 sermonibus
1454 3234 1511 3289 suis
1540 3232 1682 3303 erederet,
1712 3238 1764 3293 sed
1797 3237 1890 3292 loculus
1912 3235 1936 3284 et

321 3348 419 3407 lraude
427 3350 546 3409 abirem.
558 3353 806 3410 Alexandrinarum
815 3361 876 3410 orta
887 3355 958 3411 inter
968 3352 1084 3427 gentiles
1095 3363 1124 3411 et
1173 3328 1286 3394 lmine*
1306 3322 1430 3380 ¹⁸⁹⁰*ae
1443 3338 1501 3379 ⁸¹¹ae
1521 3324 1616 3395 fidffl'r
1631 3325 1698 3397 ΨΜ
1720 3327 1821 3385 ‘'¹¹⁰'‘
1834 3324 1894 3383 ”⁰5²⁵
1905 3338 1934 3393 ΡΨ

320 3442 432 3503 Jrrdmos
450 3448 642 3513 contentione,
655 3449 719 3505 dum
735 3449 844 3507 Hebraei
864 3450 1012 3509 vindictam
1026 3464 1120 3521 repos-

318 3549 431 3609 cerem,
448 3557 481 3599 ae
498 3543 584 3615 raptis
606 3543 726 3601 lascibus
745 3552 941 3618 congregatum
964 3544 992 3601 ln
1012 3544 1120 3616 amplii-

318 3631 428 3691 tbealro
453 3638 581 3708 pupulum
602 3636 747 3709 gentilium
770 3638 960 3696 minitarentur
983 3652 1117 3708 exurere,

317 3726 371 3785 alia
382 3738 526 3788 curantem
541 3732 727 3790 Alexandrum
740 3732 880 3791 Tiberium
894 3732 1051 3806 prmlcclum
1066 3732 1120 3790 loci

315 3820 343 3878 in
358 3838 390 3880 se
409 3833 586 3896 convertere,
602 3842 634 3884 ac
649 3828 862 3902 primoquidem
876 3828 1053 3887 concordiam
1067 3846 1118 3901 pu·

316 3914 414 3973 blicam
430 3918 582 3977 reformare
594 3921 715 3993 pacilicis
729 3923 852 3980 tentabat
866 3923 1051 3981 sermonibus.
1065 3922 1117 3981 Ubi

312 4021 380 4067 vero
402 4012 511 4071 irrideri
532 4015 567 4072 ab
586 4014 630 4073 his
646 4032 707 4089 qum
722 4017 819 4075 sedulo
834 4024 971 4087 moneret,
986 4018 1115 4085 advertit,

312 4118 366 4162 uec
389 4104 446 4163 ullo
468 4108 523 4165 alio
546 4108 628 4167 modo
646 4110 704 4167 tolli
719 4126 800 4184 posse
816 4119 917 4169 tamam
931 4112 1114 4180 seditionem,

311 4197 460 4255 invadendi
480 4213 529 4257 eos
550 4201 683 4260 militibus
701 4212 865 4275 potestatem
885 4205 978 4273 dedit;
994 4207 1041 4278 qui
1060 4206 1112 4263 eir·

309 4290 450 4349 cumiusos
473 4292 585 4364 adorsi,
606 4296 752 4353 maximam
772 4312 820 4369 per
835 4306 917 4355 totam
932 4300 1029 4356 urbem
1043 4309 1115 4356 stra-

309 4402 371 4459 gem
391 4388 480 4447 iecere
496 4406 503 4445 :
519 4404 581 4448 cum
597 4392 666 4451 alios
680 4393 859 4462 resistentes,
877 4394 1013 4467 lugientcs
1032 4396 1112 4465 alios,

308 4480 379 4537 alios
392 4480 420 4539 iu
433 4483 560 4541 domibus
577 4486 634 4543 suis
644 4486 786 4545 latitantes
799 4498 942 4559 necarem,
957 4506 1046 4561 neque
1056 4492 1113 4548 ulla

309 4571 474 4643 subjaceret,
483 4576 528 4633 vcl
538 4580 712 4648 parvulorum
724 4582 923 4653 misericordia,

309 4664 348 4722 lia
367 4682 481 4739 senum,
499 4672 543 4729 ecl
564 4675 708 4732 mulierum
728 4678 905 4737 verecundia.
926 4678 1003 4737 Caesa
1017 4680 1111 4753 itaque

307 4756 465 4817 ludaeorum
485 4763 678 4839 quinquaginta
702 4769 760 4827 lere
781 4772 888 4827 millia:
908 4774 1039 4830 natabam
1052 4773 1111 4845 pla-

309 4858 359 4908 leae
374 4854 518 4925 sanguine,
531 4858 635 4927 repleta
647 4870 726 4919 erem
738 4864 829 4921 omnia
844 4864 1034 4935 cadaveribus,
1049 4881 1111 4924 crc-

306 4942 430 5014 pitabam
448 4946 565 5005 dammae
578 4966 651 5009 suero
667 4968 715 5023 per
726 4955 821 5011 urbem
836 4956 974 5027 inccndio,
988 4974 1049 5029 qum
1062 4959 1110 5016 lu-

305 5031 428 5092 daeorum
439 5036 589 5098 domibuse
606 5041 722 5101 inrecta
732 5044 840 5119 (Multis.
855 5050 960 5119 alul),
972 5050 1061 5107 vicina
1074 5054 1110 5111 si-

304 5220 407 5279 mililes
424 5221 574 5297 abstinere,
599 5238 628 5286 et
652 5232 773 5304 receptui
794 5249 895 5292 carvere
912 5236 991 5309 jubet
1010 5239 1109 5313 :vulgi

300 5320 392 5372 tamen
416 5313 457 5375 ira
480 5317 566 5377 semel
584 5336 728 5396 progressa
747 5326 774 5383 iu
789 5337 953 5401 potestatem
974 5336 1089 5393 necandi

303 5421 476 5484 nequaquam
490 5411 678 5489 mitigabatur.

340 5550 473 5614 eumilo.
489 5557 575 5621 Bam.

338 5620 353 5664 ὓ
374 5624 520 5689 Gummi.
542 5632 582 5693 lu.

341 5694 492 5770 eIttp‘eelte.
515 5702 553 5760 lu.

337 5760 351 5805 i
370 5767 507 5843 Antiqui„
523 5775 571 5834 lib.
588 5794 663 5853 rvrrr,
679 5794 739 5856 cap.
753 5783 781 5855 ὅ,
796 5801 870 5845 num.
885 5790 913 5848 5.
934 5789 973 5849 ln.

1173 3415 1249 3471 tabat
1264 3431 1271 3469 ι
1287 3430 1342 3472 non
1357 3415 1475 3473 eredidit
1489 3425 1602 3490 propter
1615 3419 1749 3476 duritiam
1761 3420 1849 3481 eordis
1864 3426 1887 3473 et
1896 3430 1933 3485 pu·

1172 3504 1243 3563 lidiae
1251 3507 1448 3565 intentionem:
1459 3522 1513 3565 non
1526 3517 1618 3567 lamen
1629 3510 1741 3569 veritati
1750 3510 1760 3551 i
1770 3507 1932 3585 prejudieabtl

1170 3602 1244 3672 quod
1258 3618 1315 3660 uon
1328 3603 1512 3670 credidit,sed
1527 3605 1589 3677 plus
1601 3605 1706 3664 addidit
1720 3599 1932 3673 testimonique

1170 3710 1223 3752 uec
1240 3696 1399 3754 incredulus
1421 3706 1451 3755 et
1474 3698 1576 3755 invitus
1599 3699 1718 3771 negarit.
1746 3702 1777 3758 lu
1799 3714 1849 3773 quo
1865 3692 1931 3754 Cbbl

1168 3791 1234 3849 lesu
1246 3792 1348 3849 claruit
1366 3793 1489 3863 potentia
1504 3801 1618 3865 aeterna,
1633 3794 1708 3867 quod
1722 3810 1789 3853 eum
1803 3793 1874 3853 etiarn
1885 3790 1931 3862 prir-

1168 3886 1245 3957 eipes
1255 3902 1401 3959 synagogae
1418 3902 1499 3958 quem
1514 3886 1549 3944 ad
1564 3896 1679 3946 mortem
1692 3886 1929 3963 comprebcuderatl
1967 3919 1968 3970 q

1168 3980 1254 4037 ileum
1271 3980 1437 4037 latebamur.
1449 3980 1556 4038 Etrcre
1566 3981 1646 4053 quasi
1658 3983 1729 4040 bens
1739 3983 1803 4041 siue
1812 3978 1930 4050 excepiset
1967 4031 1969 4036 ,

1167 4087 1358 4144 personarum,
1370 4082 1417 4129 am
1434 4073 1490 4130 ulla
1504 4074 1601 4130 mortis
1622 4074 1770 4133 tormidine
1790 4076 1928 4137 loeutus,er
1967 4121 1968 4146 ι

1166 4166 1386 4239 cidiumquoque
1400 4166 1495 4239 templi
1509 4168 1631 4225 loturum
1645 4170 1818 4228 annuntiavit
1829 4188 1835 4223 :
1847 4164 1886 4222 sed
1895 4174 1927 4215 nur
1967 4165 1969 4238 j

1165 4274 1214 4319 eos
1226 4260 1322 4331 templi
1337 4259 1437 4332 iniuria
1450 4264 1609 4332 commorit,
1625 4262 1674 4321 sed
1687 4264 1751 4336 quia
1767 4266 1796 4321 iu
1808 4258 1897 4333 uuile
1906 4254 1927 4307 rb
1967 4241 1969 4262 '

1164 4366 1199 4407 eo
1214 4360 1241 4409 et
1262 4352 1416 4425 sacrilegiis
1442 4354 1676 4427 corripiebantur,
1698 4356 1765 4414 bine
1785 4358 1823 4414 ira
1842 4350 1925 4411 exsul,

1165 4456 1194 4501 ut
1207 4444 1396 4504 interlicerem
1408 4463 1470 4503 eum
1482 4464 1564 4521 quem
1573 4451 1645 4506 uulla
1659 4451 1924 4516 habuissenttenpua·

931 4584 976 4641 vel
983 4599 1113 4642 reveren.
1125 4560 1152 4623 D
1164 4536 1231 4592 ΝΜ
1247 4552 1310 4594 ⁰⁰¹⁰
1319 4536 1367 4594 ³¹⁵1
1383 4539 1521 4610 brocardo
1533 4543 1686 4600 meruerim
1698 4543 1801 4615 lacere,
1813 4556 1867 4615 que
1876 4538 1925 4593 lece

1163 4642 1244 4698 ruma
1260 4634 1305 4690 lvic
1326 4634 1353 4691 in
1376 4643 1510 4705 potestate
1525 4637 1655 4709 babebat,
1674 4649 1703 4697 ut
1718 4640 1810 4698 omnia
1824 4651 1875 4711 que
1885 4627 1924 4687 itti

1161 4726 1254 4795 uellet,
1270 4725 1430 4798 imperaret.
1449 4728 1562 4789 Occisus
1578 4743 1639 4791 erat
1659 4744 1724 4793 aute
1747 4745 1855 4793 mortem
1871 4728 1922 4787 lest.

1160 4820 1282 4892 Baptista
1295 4820 1416 4881 ioannes
1429 4825 1472 4881 vir
1485 4836 1606 4896 sauctus,
1622 4830 1669 4901 qui
1683 4846 1818 4903 nunquam
1831 4828 1855 4884 io
1868 4834 1923 4877 lte

1160 4913 1230 4969 culis
1247 4914 1345 4974 salutis
1357 4918 1502 4976 veritatem
1521 4931 1660 4992 posuerat.
1682 4923 1805 4996 Denique
1817 4921 1848 4978 ad
1859 4914 1921 4975 omma

1161 5023 1221 5077 quae
1239 5008 1320 5079 plena
1338 5008 1452 5081 justitiae
1472 5011 1599 5081 docebat,
1613 5016 1713 5087 quibus
1735 5017 1770 5073 ad
1788 5015 1876 5074 cultum
1889 5003 1921 5062 bei
1967 4994 1969 5027 ³

306 5128 364 5185 mul
379 5127 573 5201 depascebant.
585 5134 705 5193 lnbcxus
717 5146 808 5197 umen
819 5140 985 5212 Alexander,
998 5144 1108 5203 tandem
1157 5098 1426 5257 ἱῗέιζὲῗῖῃᾞέοέἰ
1438 5102 1919 5276 ῖὲἰΐοὲἒΡιῑὲὶᾞῗυῦἐὲῗΡοίῇυὶὓηέἓ

1157 5289 1245 5356 libb
1268 5290 1393 5363 tumme,
1415 5295 1489 5366 tuot
1513 5299 1619 5371 penes
1641 5300 1766 5372 requirit
1782 5300 1816 5357 n
1840 5287 1918 5353 ueur

1157 5380 1272 5440 fraterni
1292 5382 1394 5443 uiolata
1415 5389 1548 5447 connubii
1566 5392 1630 5465 jura
1654 5388 1871 5467 ,inermumque
1887 5382 1918 5439 ab

1194 5596 1207 5626 ⁶
1227 5589 1295 5648 cod.
1312 5600 1380 5662 vet,
1397 5593 1453 5653 beo
1467 5596 1539 5668 pleni
1551 5600 1678 5659 miracula
1689 5600 1806 5674 proptet.
1822 5597 1855 5655 b·

1192 5657 1203 5697 ¹
1224 5659 1398 5731 Proeiudieut.
1421 5666 1461 5726 b).

1191 5740 1206 5778 b
1227 5732 1365 5793 Secundis.
1387 5736 1425 5795 lu.

1191 5800 1206 5841 ¹¹
1225 5802 1357 5864 Germani.
1379 5808 1417 5865 ln.
