<?xml version="1.0" encoding="UTF-8"?>
<!DOCTYPE html PUBLIC "-//W3C//DTD XHTML 1.0 Transitional//EN"
    "http://www.w3.org/TR/xhtml1/DTD/xhtml1-transitional.dtd">
<html xmlns="http://www.w3.org/1999/xhtml" xml:lang="en" lang="en">
 <head>
  <title>
</title>
<meta http-equiv="Content-Type" content="text/html;charset=utf-8" />
  <meta name='ocr-system' content='tesseract 3.04.00' />
  <meta name='ocr-capabilities' content='ocr_page ocr_carea ocr_par ocr_line ocrx_word'/>
</head>
<body>
  <div class='ocr_page' id='page_1' title='image "./lta-11000/patrologiaecurs136migngoog/patrologiaecurs136migngoog_0121.png"; bbox 0 0 4075 6359; ppageno 0'>
   <div class='ocr_carea' id='block_1_1' title="bbox 290 235 1948 300">
    <p class='ocr_par' dir='ltr' id='par_1_1' title="bbox 290 235 1948 300">
     <span class='ocr_line' id='line_1_1' title="bbox 290 235 1948 300; baseline -0.002 0"><span class='ocrx_word' id='word_1_1' title='bbox 290 239 362 300; x_wconf 72' lang='lat' dir='ltr'>llas</span> <span class='ocrx_word' id='word_1_2' title='bbox 958 235 1083 295; x_wconf 77' lang='lat' dir='ltr'>suncti</span> <span class='ocrx_word' id='word_1_3' title='bbox 1102 235 1264 296; x_wconf 71' lang='lat' dir='ltr'>tmdstt</span> <span class='ocrx_word' id='word_1_4' title='bbox 1893 239 1948 297; x_wconf 72' lang='lat' dir='ltr'>titt</span> 
     </span>
    </p>
   </div>
   <div class='ocr_carea' id='block_1_2' title="bbox 283 351 1953 3235">
    <p class='ocr_par' dir='ltr' id='par_1_2' title="bbox 283 351 1953 2308">
     <span class='ocr_line' id='line_1_2' title="bbox 324 351 1950 428; baseline -0.002 -15"><span class='ocrx_word' id='word_1_5' title='bbox 324 359 372 414; x_wconf 76' lang='lat' dir='ltr'>at.</span> <span class='ocrx_word' id='word_1_6' title='bbox 391 354 486 428; x_wconf 80' lang='lat' dir='ltr'>(vers.</span> <span class='ocrx_word' id='word_1_7' title='bbox 502 352 578 428; x_wconf 74' lang='grc' dir='ltr'><strong>ιιι.)</strong></span> <span class='ocrx_word' id='word_1_8' title='bbox 594 351 701 425; x_wconf 61' lang='lat' dir='ltr'>Conspe</span> <span class='ocrx_word' id='word_1_9' title='bbox 715 351 822 408; x_wconf 80' lang='lat' dir='ltr'>clarita</span> <span class='ocrx_word' id='word_1_10' title='bbox 837 353 928 408; x_wconf 77' lang='lat' dir='ltr'>narrare</span> <span class='ocrx_word' id='word_1_11' title='bbox 942 359 986 406; x_wconf 85' lang='lat' dir='ltr'>tao</span> <span class='ocrx_word' id='word_1_12' title='bbox 1006 367 1096 408; x_wconf 76' lang='lat' dir='ltr'>canu</span> <span class='ocrx_word' id='word_1_13' title='bbox 1108 353 1138 418; x_wconf 74' lang='grc' dir='ltr'><strong>Α</strong></span> <span class='ocrx_word' id='word_1_14' title='bbox 1148 352 1280 424; x_wconf 78' lang='lat' dir='ltr'>validum,</span> <span class='ocrx_word' id='word_1_15' title='bbox 1294 361 1324 412; x_wconf 87' lang='lat' dir='ltr'>ct</span> <span class='ocrx_word' id='word_1_16' title='bbox 1337 353 1445 412; x_wconf 88' lang='lat' dir='ltr'>acutius</span> <span class='ocrx_word' id='word_1_17' title='bbox 1463 352 1538 412; x_wconf 86' lang='lat' dir='ltr'>omni</span> <span class='ocrx_word' id='word_1_18' title='bbox 1551 353 1646 427; x_wconf 86' lang='lat' dir='ltr'>gladio</span> <span class='ocrx_word' id='word_1_19' title='bbox 1667 353 1858 420; x_wconf 82' lang='lat' dir='ltr'>acutissimo,</span> <span class='ocrx_word' id='word_1_20' title='bbox 1875 370 1950 426; x_wconf 73' lang='lat' dir='ltr'>asma</span> 
     </span>
     <span class='ocr_line' id='line_1_3' title="bbox 291 446 1951 528; baseline -0.004 -18"><span class='ocrx_word' id='word_1_21' title='bbox 291 472 381 522; x_wconf 73' lang='lat' dir='ltr'>niueos:</span> <span class='ocrx_word' id='word_1_22' title='bbox 399 473 416 510; x_wconf 89' lang='lat' dir='ltr'>a</span> <span class='ocrx_word' id='word_1_23' title='bbox 426 453 536 528; x_wconf 81' lang='lat' dir='ltr'>judiciis</span> <span class='ocrx_word' id='word_1_24' title='bbox 553 452 621 508; x_wconf 87' lang='lat' dir='ltr'>enim</span> <span class='ocrx_word' id='word_1_25' title='bbox 639 452 691 507; x_wconf 83' lang='lat' dir='ltr'>tsis</span> <span class='ocrx_word' id='word_1_26' title='bbox 710 449 791 506; x_wconf 87' lang='lat' dir='ltr'>tinrai.</span> <span class='ocrx_word' id='word_1_27' title='bbox 805 447 856 518; x_wconf 83' lang='lat' dir='ltr'>Qui</span> <span class='ocrx_word' id='word_1_28' title='bbox 877 449 965 521; x_wconf 89' lang='lat' dir='ltr'>diligit</span> <span class='ocrx_word' id='word_1_29' title='bbox 985 448 1092 507; x_wconf 78' lang='lat' dir='ltr'>Domini</span> <span class='ocrx_word' id='word_1_30' title='bbox 1144 446 1179 502; x_wconf 88' lang='lat' dir='ltr'>ad</span> <span class='ocrx_word' id='word_1_31' title='bbox 1194 447 1357 506; x_wconf 77' lang='lat' dir='ltr'>diuisionem</span> <span class='ocrx_word' id='word_1_32' title='bbox 1380 447 1491 522; x_wconf 82' lang='lat' dir='ltr'>quidem</span> <span class='ocrx_word' id='word_1_33' title='bbox 1514 447 1633 515; x_wconf 82' lang='lat' dir='ltr'>arrianae,</span> <span class='ocrx_word' id='word_1_34' title='bbox 1648 464 1683 505; x_wconf 89' lang='lat' dir='ltr'>ac</span> <span class='ocrx_word' id='word_1_35' title='bbox 1707 447 1851 520; x_wconf 83' lang='lat' dir='ltr'>spiritus,</span> <span class='ocrx_word' id='word_1_36' title='bbox 1873 459 1951 504; x_wconf 84' lang='lat' dir='ltr'>artus·</span> 
     </span>
     <span class='ocr_line' id='line_1_4' title="bbox 291 541 1951 620; baseline -0.005 -13"><span class='ocrx_word' id='word_1_37' title='bbox 291 548 472 615; x_wconf 84' lang='lat' dir='ltr'>testimonia,</span> <span class='ocrx_word' id='word_1_38' title='bbox 488 547 601 620; x_wconf 78' lang='lat' dir='ltr'>corrigit</span> <span class='ocrx_word' id='word_1_39' title='bbox 613 545 699 602; x_wconf 89' lang='lat' dir='ltr'>elaris</span> <span class='ocrx_word' id='word_1_40' title='bbox 712 557 809 601; x_wconf 87' lang='lat' dir='ltr'>carues</span> <span class='ocrx_word' id='word_1_41' title='bbox 823 557 906 612; x_wconf 88' lang='lat' dir='ltr'>suas,</span> <span class='ocrx_word' id='word_1_42' title='bbox 922 542 1012 598; x_wconf 88' lang='lat' dir='ltr'>sciens</span> <span class='ocrx_word' id='word_1_43' title='bbox 1027 542 1091 613; x_wconf 75' lang='lat' dir='ltr'>prtia</span> <span class='ocrx_word' id='word_1_44' title='bbox 1142 553 1214 612; x_wconf 81' lang='lat' dir='ltr'>qne.</span> <span class='ocrx_word' id='word_1_45' title='bbox 1228 549 1256 598; x_wconf 86' lang='lat' dir='ltr'>et</span> <span class='ocrx_word' id='word_1_46' title='bbox 1276 541 1371 598; x_wconf 89' lang='lat' dir='ltr'>intima</span> <span class='ocrx_word' id='word_1_47' title='bbox 1398 550 1546 612; x_wconf 83' lang='lat' dir='ltr'>penetrans</span> <span class='ocrx_word' id='word_1_48' title='bbox 1568 541 1775 601; x_wconf 84' lang='lat' dir='ltr'>ruednllarum.</span> <span class='ocrx_word' id='word_1_49' title='bbox 1801 542 1855 599; x_wconf 74' lang='lat' dir='ltr'>l&#39;st</span> <span class='ocrx_word' id='word_1_50' title='bbox 1878 543 1951 600; x_wconf 82' lang='lat' dir='ltr'>daras</span> 
     </span>
     <span class='ocr_line' id='line_1_5' title="bbox 291 634 1951 710; baseline -0.005 -8"><span class='ocrx_word' id='word_1_51' title='bbox 291 654 371 704; x_wconf 82' lang='lat' dir='ltr'>setus</span> <span class='ocrx_word' id='word_1_52' title='bbox 387 643 470 700; x_wconf 90' lang='lat' dir='ltr'>bomo</span> <span class='ocrx_word' id='word_1_53' title='bbox 484 656 550 698; x_wconf 88' lang='lat' dir='ltr'>sttus</span> <span class='ocrx_word' id='word_1_54' title='bbox 570 656 631 696; x_wconf 91' lang='lat' dir='ltr'>enur</span> <span class='ocrx_word' id='word_1_55' title='bbox 646 638 756 696; x_wconf 83' lang='lat' dir='ltr'>cbristo</span> <span class='ocrx_word' id='word_1_56' title='bbox 771 636 897 695; x_wconf 83' lang='lat' dir='ltr'>eottsssus</span> <span class='ocrx_word' id='word_1_57' title='bbox 914 634 989 694; x_wconf 90' lang='lat' dir='ltr'>eruci</span> <span class='ocrx_word' id='word_1_58' title='bbox 1011 635 1091 691; x_wconf 81' lang='lat' dir='ltr'>insn-</span> <span class='ocrx_word' id='word_1_59' title='bbox 1143 647 1209 705; x_wconf 89' lang='lat' dir='ltr'>ergo</span> <span class='ocrx_word' id='word_1_60' title='bbox 1229 634 1307 692; x_wconf 87' lang='lat' dir='ltr'>aelus</span> <span class='ocrx_word' id='word_1_61' title='bbox 1326 635 1482 706; x_wconf 80' lang='lat' dir='ltr'>claritatis,</span> <span class='ocrx_word' id='word_1_62' title='bbox 1498 637 1546 710; x_wconf 80' lang='lat' dir='ltr'>qni</span> <span class='ocrx_word' id='word_1_63' title='bbox 1561 652 1618 694; x_wconf 88' lang='lat' dir='ltr'>non</span> <span class='ocrx_word' id='word_1_64' title='bbox 1641 636 1727 695; x_wconf 85' lang='lat' dir='ltr'>cedat</span> <span class='ocrx_word' id='word_1_65' title='bbox 1754 635 1875 704; x_wconf 86' lang='lat' dir='ltr'>inieris;</span> <span class='ocrx_word' id='word_1_66' title='bbox 1899 654 1951 695; x_wconf 83' lang='lat' dir='ltr'>esa</span> 
     </span>
     <span class='ocr_line' id='line_1_6' title="bbox 293 726 1952 802; baseline -0.004 -8"><span class='ocrx_word' id='word_1_67' title='bbox 293 737 361 794; x_wconf 89' lang='lat' dir='ltr'>riam</span> <span class='ocrx_word' id='word_1_68' title='bbox 376 736 501 794; x_wconf 81' lang='lat' dir='ltr'>destruat</span> <span class='ocrx_word' id='word_1_69' title='bbox 515 733 625 800; x_wconf 81' lang='lat' dir='ltr'>carnis3</span> <span class='ocrx_word' id='word_1_70' title='bbox 643 747 677 788; x_wconf 94' lang='lat' dir='ltr'>ne</span> <span class='ocrx_word' id='word_1_71' title='bbox 691 729 855 802; x_wconf 88' lang='lat' dir='ltr'>cupiditates</span> <span class='ocrx_word' id='word_1_72' title='bbox 874 728 934 800; x_wconf 80' lang='lat' dir='ltr'>ejus</span> <span class='ocrx_word' id='word_1_73' title='bbox 957 726 1091 784; x_wconf 91' lang='lat' dir='ltr'>indomito</span> <span class='ocrx_word' id='word_1_74' title='bbox 1143 739 1194 796; x_wconf 86' lang='lat' dir='ltr'>pro</span> <span class='ocrx_word' id='word_1_75' title='bbox 1209 726 1257 783; x_wconf 89' lang='lat' dir='ltr'>liei</span> <span class='ocrx_word' id='word_1_76' title='bbox 1271 726 1333 784; x_wconf 84' lang='lat' dir='ltr'>selo</span> <span class='ocrx_word' id='word_1_77' title='bbox 1346 729 1532 802; x_wconf 76' lang='lat' dir='ltr'>unusquisque</span> <span class='ocrx_word' id='word_1_78' title='bbox 1544 743 1596 786; x_wconf 92' lang='lat' dir='ltr'>nec</span> <span class='ocrx_word' id='word_1_79' title='bbox 1607 729 1668 785; x_wconf 87' lang='lat' dir='ltr'>suis</span> <span class='ocrx_word' id='word_1_80' title='bbox 1683 737 1799 801; x_wconf 83' lang='lat' dir='ltr'>parcat.</span> <span class='ocrx_word' id='word_1_81' title='bbox 1815 728 1868 787; x_wconf 83' lang='lat' dir='ltr'>llis</span> <span class='ocrx_word' id='word_1_82' title='bbox 1880 731 1952 788; x_wconf 83' lang='lat' dir='ltr'>cistis</span> 
     </span>
     <span class='ocr_line' id='line_1_7' title="bbox 291 819 1951 895; baseline -0.002 -7"><span class='ocrx_word' id='word_1_83' title='bbox 291 831 398 888; x_wconf 84' lang='lat' dir='ltr'>lerrore</span> <span class='ocrx_word' id='word_1_84' title='bbox 419 829 576 895; x_wconf 83' lang='lat' dir='ltr'>lasciviant,</span> <span class='ocrx_word' id='word_1_85' title='bbox 600 841 635 882; x_wconf 90' lang='lat' dir='ltr'>nc</span> <span class='ocrx_word' id='word_1_86' title='bbox 654 825 733 883; x_wconf 83' lang='lat' dir='ltr'>radix</span> <span class='ocrx_word' id='word_1_87' title='bbox 750 823 873 880; x_wconf 79' lang='lat' dir='ltr'>avaritie</span> <span class='ocrx_word' id='word_1_88' title='bbox 886 832 900 862; x_wconf 67' lang='grc' dir='ltr'><strong>ι</strong></span> <span class='ocrx_word' id='word_1_89' title='bbox 914 821 1092 895; x_wconf 68' lang='lat' dir='ltr'>serpentibus</span> <span class='ocrx_word' id='word_1_90' title='bbox 1142 819 1283 878; x_wconf 78' lang='lat' dir='ltr'>claritatis</span> <span class='ocrx_word' id='word_1_91' title='bbox 1303 822 1459 894; x_wconf 88' lang='lat' dir='ltr'>conligatur</span> <span class='ocrx_word' id='word_1_92' title='bbox 1479 823 1570 880; x_wconf 86' lang='lat' dir='ltr'>anima</span> <span class='ocrx_word' id='word_1_93' title='bbox 1584 833 1682 881; x_wconf 88' lang='lat' dir='ltr'>nostra</span> <span class='ocrx_word' id='word_1_94' title='bbox 1705 833 1738 882; x_wconf 86' lang='lat' dir='ltr'>et</span> <span class='ocrx_word' id='word_1_95' title='bbox 1751 839 1827 882; x_wconf 76' lang='lat' dir='ltr'>earo</span> <span class='ocrx_word' id='word_1_96' title='bbox 1847 835 1951 891; x_wconf 73' lang='lat' dir='ltr'>nostra,</span> 
     </span>
     <span class='ocr_line' id='line_1_8' title="bbox 290 914 1952 992; baseline -0.002 -12"><span class='ocrx_word' id='word_1_97' title='bbox 290 939 321 980; x_wconf 87' lang='lat' dir='ltr'>se</span> <span class='ocrx_word' id='word_1_98' title='bbox 335 921 428 979; x_wconf 89' lang='lat' dir='ltr'>londat</span> <span class='ocrx_word' id='word_1_99' title='bbox 443 920 590 978; x_wconf 78' lang='lat' dir='ltr'>radicibus.</span> <span class='ocrx_word' id='word_1_100' title='bbox 606 916 799 992; x_wconf 86' lang='lat' dir='ltr'>Goudgoergo</span> <span class='ocrx_word' id='word_1_101' title='bbox 812 917 915 986; x_wconf 85' lang='lat' dir='ltr'>elaris,</span> <span class='ocrx_word' id='word_1_102' title='bbox 932 924 960 974; x_wconf 95' lang='lat' dir='ltr'>et</span> <span class='ocrx_word' id='word_1_103' title='bbox 980 915 1092 973; x_wconf 86' lang='lat' dir='ltr'>destrue</span> <span class='ocrx_word' id='word_1_104' title='bbox 1142 921 1216 971; x_wconf 91' lang='lat' dir='ltr'>utet</span> <span class='ocrx_word' id='word_1_105' title='bbox 1236 914 1295 986; x_wconf 86' lang='lat' dir='ltr'>ipsa</span> <span class='ocrx_word' id='word_1_106' title='bbox 1320 915 1414 972; x_wconf 86' lang='lat' dir='ltr'>dicat:</span> <span class='ocrx_word' id='word_1_107' title='bbox 1429 915 1498 984; x_wconf 74' lang='lat' dir='ltr'>Quia</span> <span class='ocrx_word' id='word_1_108' title='bbox 1511 918 1647 974; x_wconf 72' lang='lat' dir='ltr'>amanam</span> <span class='ocrx_word' id='word_1_109' title='bbox 1668 918 1811 974; x_wconf 71' lang='lat' dir='ltr'>similate</span> <span class='ocrx_word' id='word_1_110' title='bbox 1833 936 1884 992; x_wconf 71' lang='lat' dir='ltr'>qo</span> <span class='ocrx_word' id='word_1_111' title='bbox 1904 938 1952 976; x_wconf 84' lang='lat' dir='ltr'>sua</span> 
     </span>
     <span class='ocr_line' id='line_1_9' title="bbox 291 1006 1953 1086; baseline -0.001 -15"><span class='ocrx_word' id='word_1_112' title='bbox 291 1013 409 1071; x_wconf 84' lang='lat' dir='ltr'>lontenta</span> <span class='ocrx_word' id='word_1_113' title='bbox 426 1013 550 1085; x_wconf 75' lang='lat' dir='ltr'>pernati:</span> <span class='ocrx_word' id='word_1_114' title='bbox 568 1011 702 1068; x_wconf 88' lang='lat' dir='ltr'>moriatur</span> <span class='ocrx_word' id='word_1_115' title='bbox 716 1010 743 1066; x_wconf 92' lang='lat' dir='ltr'>in</span> <span class='ocrx_word' id='word_1_116' title='bbox 759 1025 841 1066; x_wconf 90' lang='lat' dir='ltr'>carne</span> <span class='ocrx_word' id='word_1_117' title='bbox 856 1019 902 1064; x_wconf 89' lang='lat' dir='ltr'>tna</span> <span class='ocrx_word' id='word_1_118' title='bbox 922 1007 1012 1066; x_wconf 88' lang='lat' dir='ltr'>otonis</span> <span class='ocrx_word' id='word_1_119' title='bbox 1032 1006 1092 1064; x_wconf 86' lang='lat' dir='ltr'>ille-</span> <span class='ocrx_word' id='word_1_120' title='bbox 1143 1007 1233 1079; x_wconf 79' lang='lat' dir='ltr'>(tan.</span> <span class='ocrx_word' id='word_1_121' title='bbox 1247 1024 1275 1076; x_wconf 86' lang='lat' dir='ltr'>r,</span> <span class='ocrx_word' id='word_1_122' title='bbox 1287 1007 1329 1082; x_wconf 92' lang='grc'><strong>8).</strong></span> <span class='ocrx_word' id='word_1_123' title='bbox 1344 1009 1433 1068; x_wconf 88' lang='lat' dir='ltr'>ilabet</span> <span class='ocrx_word' id='word_1_124' title='bbox 1446 1011 1633 1086; x_wconf 81' lang='lat' dir='ltr'>ergoclatutn</span> <span class='ocrx_word' id='word_1_125' title='bbox 1647 1027 1730 1070; x_wconf 84' lang='lat' dir='ltr'>staunr</span> <span class='ocrx_word' id='word_1_126' title='bbox 1745 1012 1879 1070; x_wconf 85' lang='lat' dir='ltr'>ebaritas</span> <span class='ocrx_word' id='word_1_127' title='bbox 1894 1015 1953 1070; x_wconf 85' lang='lat' dir='ltr'>:ba-</span> 
     </span>
     <span class='ocr_line' id='line_1_10' title="bbox 288 1103 1952 1179; baseline -0.001 -11"><span class='ocrx_word' id='word_1_128' title='bbox 288 1109 369 1168; x_wconf 86' lang='lat' dir='ltr'>eebra</span> <span class='ocrx_word' id='word_1_129' title='bbox 405 1107 569 1166; x_wconf 86' lang='lat' dir='ltr'>delictorum</span> <span class='ocrx_word' id='word_1_130' title='bbox 596 1123 606 1163; x_wconf 76' lang='grc' dir='ltr'><strong>ι</strong></span> <span class='ocrx_word' id='word_1_131' title='bbox 633 1107 791 1163; x_wconf 89' lang='lat' dir='ltr'>libertatem</span> <span class='ocrx_word' id='word_1_132' title='bbox 812 1103 930 1177; x_wconf 80' lang='lat' dir='ltr'>uagandi</span> <span class='ocrx_word' id='word_1_133' title='bbox 954 1103 1092 1174; x_wconf 87' lang='lat' dir='ltr'>cupiditas</span> <span class='ocrx_word' id='word_1_134' title='bbox 1141 1103 1190 1161; x_wconf 91' lang='lat' dir='ltr'>bet</span> <span class='ocrx_word' id='word_1_135' title='bbox 1212 1103 1332 1176; x_wconf 87' lang='lat' dir='ltr'>gladium</span> <span class='ocrx_word' id='word_1_136' title='bbox 1355 1120 1455 1174; x_wconf 88' lang='lat' dir='ltr'>snum,</span> <span class='ocrx_word' id='word_1_137' title='bbox 1474 1121 1530 1179; x_wconf 80' lang='lat' dir='ltr'>ouo</span> <span class='ocrx_word' id='word_1_138' title='bbox 1550 1107 1642 1164; x_wconf 90' lang='lat' dir='ltr'>anima</span> <span class='ocrx_word' id='word_1_139' title='bbox 1670 1105 1860 1166; x_wconf 75' lang='lat' dir='ltr'>vulneratur.</span> <span class='ocrx_word' id='word_1_140' title='bbox 1885 1110 1952 1168; x_wconf 74' lang='lat' dir='ltr'>Feln</span> 
     </span>
     <span class='ocr_line' id='line_1_11' title="bbox 287 1196 1952 1276; baseline 0.002 -16"><span class='ocrx_word' id='word_1_141' title='bbox 287 1201 457 1276; x_wconf 81' lang='lat' dir='ltr'>solrnptatum</span> <span class='ocrx_word' id='word_1_142' title='bbox 471 1202 547 1259; x_wconf 93' lang='lat' dir='ltr'>cruci</span> <span class='ocrx_word' id='word_1_143' title='bbox 561 1199 643 1256; x_wconf 84' lang='lat' dir='ltr'>uldra</span> <span class='ocrx_word' id='word_1_144' title='bbox 657 1214 710 1256; x_wconf 91' lang='lat' dir='ltr'>non</span> <span class='ocrx_word' id='word_1_145' title='bbox 724 1198 833 1256; x_wconf 90' lang='lat' dir='ltr'>babeat.</span> <span class='ocrx_word' id='word_1_146' title='bbox 848 1197 896 1254; x_wconf 77' lang='lat' dir='ltr'>Est</span> <span class='ocrx_word' id='word_1_147' title='bbox 910 1198 1021 1271; x_wconf 84' lang='lat' dir='ltr'>quidam</span> <span class='ocrx_word' id='word_1_148' title='bbox 1035 1197 1092 1254; x_wconf 92' lang='lat' dir='ltr'>cla·</span> <span class='ocrx_word' id='word_1_149' title='bbox 1141 1196 1189 1269; x_wconf 81' lang='lat' dir='ltr'>otri</span> <span class='ocrx_word' id='word_1_150' title='bbox 1211 1197 1265 1256; x_wconf 91' lang='lat' dir='ltr'>ltuc</span> <span class='ocrx_word' id='word_1_151' title='bbox 1286 1199 1378 1272; x_wconf 83' lang='lat' dir='ltr'>gladio</span> <span class='ocrx_word' id='word_1_152' title='bbox 1400 1200 1534 1259; x_wconf 85' lang='lat' dir='ltr'>meruerit</span> <span class='ocrx_word' id='word_1_153' title='bbox 1556 1201 1708 1260; x_wconf 78' lang='lat' dir='ltr'>vulnerari.</span> <span class='ocrx_word' id='word_1_154' title='bbox 1723 1202 1799 1261; x_wconf 70' lang='lat' dir='ltr'>llaeo</span> <span class='ocrx_word' id='word_1_155' title='bbox 1821 1215 1891 1262; x_wconf 87' lang='lat' dir='ltr'>suot</span> <span class='ocrx_word' id='word_1_156' title='bbox 1904 1207 1952 1263; x_wconf 78' lang='lat' dir='ltr'>rai</span> 
     </span>
     <span class='ocr_line' id='line_1_12' title="bbox 289 1291 1951 1370; baseline 0.002 -16"><span class='ocrx_word' id='word_1_157' title='bbox 289 1312 340 1354; x_wconf 81' lang='lat' dir='ltr'>tus</span> <span class='ocrx_word' id='word_1_158' title='bbox 353 1297 507 1370; x_wconf 83' lang='lat' dir='ltr'>spiritalis,</span> <span class='ocrx_word' id='word_1_159' title='bbox 523 1295 569 1368; x_wconf 82' lang='lat' dir='ltr'>qui</span> <span class='ocrx_word' id='word_1_160' title='bbox 585 1295 708 1367; x_wconf 90' lang='lat' dir='ltr'>patibulo</span> <span class='ocrx_word' id='word_1_161' title='bbox 722 1293 813 1351; x_wconf 88' lang='lat' dir='ltr'>crucis</span> <span class='ocrx_word' id='word_1_162' title='bbox 827 1292 979 1351; x_wconf 79' lang='lat' dir='ltr'>[lominica.</span> <span class='ocrx_word' id='word_1_163' title='bbox 999 1291 1093 1364; x_wconf 87' lang='lat' dir='ltr'>alligat</span> <span class='ocrx_word' id='word_1_164' title='bbox 1143 1305 1210 1350; x_wconf 88' lang='lat' dir='ltr'>nera</span> <span class='ocrx_word' id='word_1_165' title='bbox 1231 1307 1292 1365; x_wconf 70' lang='lat' dir='ltr'>oue</span> <span class='ocrx_word' id='word_1_166' title='bbox 1320 1294 1421 1352; x_wconf 71' lang='lat' dir='ltr'>omniis</span> <span class='ocrx_word' id='word_1_167' title='bbox 1453 1295 1638 1366; x_wconf 78' lang='lat' dir='ltr'>praeleruutur</span> <span class='ocrx_word' id='word_1_168' title='bbox 1664 1314 1672 1353; x_wconf 82' lang='grc' dir='ltr'><strong>ι</strong></span> <span class='ocrx_word' id='word_1_169' title='bbox 1703 1297 1831 1356; x_wconf 81' lang='lat' dir='ltr'>Utiliors</span> <span class='ocrx_word' id='word_1_170' title='bbox 1855 1303 1951 1358; x_wconf 75' lang='lat' dir='ltr'>salsos</span> 
     </span>
     <span class='ocr_line' id='line_1_13' title="bbox 287 1385 1949 1468; baseline 0.004 -24"><span class='ocrx_word' id='word_1_171' title='bbox 287 1391 338 1446; x_wconf 89' lang='lat' dir='ltr'>ltas</span> <span class='ocrx_word' id='word_1_172' title='bbox 352 1405 462 1448; x_wconf 78' lang='lat' dir='ltr'>carries.</span> <span class='ocrx_word' id='word_1_173' title='bbox 479 1388 513 1444; x_wconf 82' lang='lat' dir='ltr'>Et</span> <span class='ocrx_word' id='word_1_174' title='bbox 527 1386 645 1444; x_wconf 89' lang='lat' dir='ltr'>lortasse</span> <span class='ocrx_word' id='word_1_175' title='bbox 660 1387 715 1444; x_wconf 90' lang='lat' dir='ltr'>sint</span> <span class='ocrx_word' id='word_1_176' title='bbox 730 1401 827 1444; x_wconf 86' lang='lat' dir='ltr'>carnes</span> <span class='ocrx_word' id='word_1_177' title='bbox 839 1385 965 1458; x_wconf 75' lang='lat' dir='ltr'>quedam</span> <span class='ocrx_word' id='word_1_178' title='bbox 980 1388 1091 1452; x_wconf 72' lang='lat' dir='ltr'>aalma,</span> <span class='ocrx_word' id='word_1_179' title='bbox 1142 1387 1231 1450; x_wconf 68' lang='lat' dir='ltr'>amni.</span> <span class='ocrx_word' id='word_1_180' title='bbox 1241 1388 1475 1460; x_wconf 71' lang='lat' dir='ltr'>psammlnntaela</span> <span class='ocrx_word' id='word_1_181' title='bbox 1487 1391 1576 1448; x_wconf 73' lang='lat' dir='ltr'>ooeala</span> <span class='ocrx_word' id='word_1_182' title='bbox 1585 1393 1685 1450; x_wconf 76' lang='lat' dir='ltr'>trimos</span> <span class='ocrx_word' id='word_1_183' title='bbox 1696 1392 1798 1468; x_wconf 81' lang='lat' dir='ltr'>(Pras.</span> <span class='ocrx_word' id='word_1_184' title='bbox 1814 1399 1949 1468; x_wconf 60' lang='lat' dir='ltr'>ursum</span> 
     </span>
     <span class='ocr_line' id='line_1_14' title="bbox 285 1477 1950 1560; baseline 0.003 -20"><span class='ocrx_word' id='word_1_185' title='bbox 285 1484 359 1542; x_wconf 90' lang='lat' dir='ltr'>sicut</span> <span class='ocrx_word' id='word_1_186' title='bbox 372 1496 474 1552; x_wconf 87' lang='lat' dir='ltr'>eorpus</span> <span class='ocrx_word' id='word_1_187' title='bbox 487 1489 530 1538; x_wconf 90' lang='lat' dir='ltr'>est</span> <span class='ocrx_word' id='word_1_188' title='bbox 544 1479 651 1536; x_wconf 67' lang='lat' dir='ltr'>animan</span> <span class='ocrx_word' id='word_1_189' title='bbox 663 1477 765 1537; x_wconf 86' lang='lat' dir='ltr'>Carnes</span> <span class='ocrx_word' id='word_1_190' title='bbox 779 1480 878 1536; x_wconf 83' lang='lat' dir='ltr'>attimar</span> <span class='ocrx_word' id='word_1_191' title='bbox 890 1487 955 1535; x_wconf 92' lang='lat' dir='ltr'>sunt</span> <span class='ocrx_word' id='word_1_192' title='bbox 968 1477 1093 1535; x_wconf 87' lang='lat' dir='ltr'>carnales</span> <span class='ocrx_word' id='word_1_193' title='bbox 1178 1479 1224 1536; x_wconf 82' lang='lat' dir='ltr'>lb.</span> <span class='ocrx_word' id='word_1_194' title='bbox 1245 1479 1293 1536; x_wconf 90' lang='lat' dir='ltr'>llis</span> <span class='ocrx_word' id='word_1_195' title='bbox 1316 1496 1368 1539; x_wconf 89' lang='lat' dir='ltr'>nos</span> <span class='ocrx_word' id='word_1_196' title='bbox 1390 1481 1549 1541; x_wconf 73' lang='lat' dir='ltr'>tulnembus</span> <span class='ocrx_word' id='word_1_197' title='bbox 1570 1484 1737 1555; x_wconf 86' lang='lat' dir='ltr'>ollerautua,</span> <span class='ocrx_word' id='word_1_198' title='bbox 1762 1488 1878 1560; x_wconf 78' lang='lat' dir='ltr'>quibos</span> <span class='ocrx_word' id='word_1_199' title='bbox 1899 1489 1950 1560; x_wconf 78' lang='lat' dir='ltr'>gni</span> 
     </span>
     <span class='ocr_line' id='line_1_15' title="bbox 287 1571 1951 1654; baseline 0.002 -20"><span class='ocrx_word' id='word_1_200' title='bbox 287 1577 481 1650; x_wconf 85' lang='lat' dir='ltr'>cogitationes.</span> <span class='ocrx_word' id='word_1_201' title='bbox 498 1573 624 1646; x_wconf 79' lang='lat' dir='ltr'>corrigat</span> <span class='ocrx_word' id='word_1_202' title='bbox 645 1573 694 1630; x_wconf 86' lang='lat' dir='ltr'>bas</span> <span class='ocrx_word' id='word_1_203' title='bbox 715 1587 813 1631; x_wconf 81' lang='lat' dir='ltr'>curares</span> <span class='ocrx_word' id='word_1_204' title='bbox 832 1573 915 1630; x_wconf 84' lang='lat' dir='ltr'>tintur</span> <span class='ocrx_word' id='word_1_205' title='bbox 935 1571 1043 1629; x_wconf 83' lang='lat' dir='ltr'>bomini</span> <span class='ocrx_word' id='word_1_206' title='bbox 1064 1581 1093 1628; x_wconf 87' lang='lat' dir='ltr'>et</span> <span class='ocrx_word' id='word_1_207' title='bbox 1142 1587 1260 1645; x_wconf 79' lang='lat' dir='ltr'>cumque</span> <span class='ocrx_word' id='word_1_208' title='bbox 1274 1585 1397 1633; x_wconf 88' lang='lat' dir='ltr'>mortuns</span> <span class='ocrx_word' id='word_1_209' title='bbox 1410 1575 1509 1647; x_wconf 83' lang='lat' dir='ltr'>luerit,</span> <span class='ocrx_word' id='word_1_210' title='bbox 1522 1588 1639 1637; x_wconf 82' lang='lat' dir='ltr'>mortem</span> <span class='ocrx_word' id='word_1_211' title='bbox 1658 1589 1778 1654; x_wconf 81' lang='lat' dir='ltr'>gustare</span> <span class='ocrx_word' id='word_1_212' title='bbox 1803 1597 1867 1638; x_wconf 88' lang='lat' dir='ltr'>noo</span> <span class='ocrx_word' id='word_1_213' title='bbox 1885 1592 1951 1654; x_wconf 76' lang='lat' dir='ltr'>potr·</span> 
     </span>
     <span class='ocr_line' id='line_1_16' title="bbox 283 1665 1949 1746; baseline 0.002 -19"><span class='ocrx_word' id='word_1_214' title='bbox 283 1671 452 1742; x_wconf 82' lang='lat' dir='ltr'>judiciorum</span> <span class='ocrx_word' id='word_1_215' title='bbox 474 1669 553 1742; x_wconf 84' lang='lat' dir='ltr'>ejus,</span> <span class='ocrx_word' id='word_1_216' title='bbox 576 1679 603 1725; x_wconf 87' lang='lat' dir='ltr'>et</span> <span class='ocrx_word' id='word_1_217' title='bbox 622 1667 748 1725; x_wconf 81' lang='lat' dir='ltr'>servituti</span> <span class='ocrx_word' id='word_1_218' title='bbox 768 1666 883 1739; x_wconf 84' lang='lat' dir='ltr'>redigat.</span> <span class='ocrx_word' id='word_1_219' title='bbox 900 1665 977 1736; x_wconf 80' lang='lat' dir='ltr'>Quod</span> <span class='ocrx_word' id='word_1_220' title='bbox 993 1666 1017 1723; x_wconf 90' lang='lat' dir='ltr'>si</span> <span class='ocrx_word' id='word_1_221' title='bbox 1032 1681 1092 1722; x_wconf 89' lang='lat' dir='ltr'>car·</span> <span class='ocrx_word' id='word_1_222' title='bbox 1142 1667 1187 1723; x_wconf 91' lang='lat' dir='ltr'>rit.</span> <span class='ocrx_word' id='word_1_223' title='bbox 1210 1665 1286 1724; x_wconf 80' lang='lat' dir='ltr'>&#39;l&#39;aiis</span> <span class='ocrx_word' id='word_1_224' title='bbox 1307 1668 1380 1724; x_wconf 90' lang='lat' dir='ltr'>euim</span> <span class='ocrx_word' id='word_1_225' title='bbox 1392 1684 1489 1726; x_wconf 88' lang='lat' dir='ltr'>coruttt</span> <span class='ocrx_word' id='word_1_226' title='bbox 1509 1671 1664 1744; x_wconf 82' lang='lat' dir='ltr'>mors.qui</span> <span class='ocrx_word' id='word_1_227' title='bbox 1678 1672 1840 1730; x_wconf 81' lang='lat' dir='ltr'>[lominum</span> <span class='ocrx_word' id='word_1_228' title='bbox 1861 1690 1949 1746; x_wconf 76' lang='lat' dir='ltr'>segre·</span> 
     </span>
     <span class='ocr_line' id='line_1_17' title="bbox 287 1757 1948 1838; baseline 0.003 -19"><span class='ocrx_word' id='word_1_229' title='bbox 287 1777 338 1820; x_wconf 91' lang='lat' dir='ltr'>ncs</span> <span class='ocrx_word' id='word_1_230' title='bbox 354 1762 413 1818; x_wconf 78' lang='lat' dir='ltr'>istae</span> <span class='ocrx_word' id='word_1_231' title='bbox 426 1760 555 1832; x_wconf 82' lang='lat' dir='ltr'>rejiciunt</span> <span class='ocrx_word' id='word_1_232' title='bbox 567 1761 659 1819; x_wconf 85' lang='lat' dir='ltr'>claros</span> <span class='ocrx_word' id='word_1_233' title='bbox 674 1760 758 1817; x_wconf 83' lang='lat' dir='ltr'>diuini</span> <span class='ocrx_word' id='word_1_234' title='bbox 775 1758 902 1826; x_wconf 86' lang='lat' dir='ltr'>timoris,</span> <span class='ocrx_word' id='word_1_235' title='bbox 920 1757 992 1814; x_wconf 90' lang='lat' dir='ltr'>baud</span> <span class='ocrx_word' id='word_1_236' title='bbox 1008 1757 1092 1814; x_wconf 91' lang='lat' dir='ltr'>dubie</span> <span class='ocrx_word' id='word_1_237' title='bbox 1143 1757 1280 1829; x_wconf 75' lang='lat' dir='ltr'>bantur,b</span> <span class='ocrx_word' id='word_1_238' title='bbox 1294 1757 1330 1816; x_wconf 87' lang='lat' dir='ltr'>de</span> <span class='ocrx_word' id='word_1_239' title='bbox 1343 1759 1442 1832; x_wconf 77' lang='lat' dir='ltr'>quibus</span> <span class='ocrx_word' id='word_1_240' title='bbox 1455 1761 1558 1818; x_wconf 88' lang='lat' dir='ltr'>dictam</span> <span class='ocrx_word' id='word_1_241' title='bbox 1573 1771 1617 1820; x_wconf 86' lang='lat' dir='ltr'>est</span> <span class='ocrx_word' id='word_1_242' title='bbox 1632 1782 1640 1818; x_wconf 76' lang='grc' dir='ltr'>ε</span> <span class='ocrx_word' id='word_1_243' title='bbox 1654 1762 1726 1820; x_wconf 85' lang='lat' dir='ltr'>Sstrt</span> <span class='ocrx_word' id='word_1_244' title='bbox 1738 1765 1834 1838; x_wconf 77' lang='lat' dir='ltr'>eligas·</span> <span class='ocrx_word' id='word_1_245' title='bbox 1847 1767 1884 1824; x_wconf 83' lang='lat' dir='ltr'>ds</span> <span class='ocrx_word' id='word_1_246' title='bbox 1901 1770 1948 1823; x_wconf 72' lang='grc' dir='ltr'><strong>ιιι(</strong></span> 
     </span>
     <span class='ocr_line' id='line_1_18' title="bbox 287 1850 1949 1928; baseline 0.002 -16"><span class='ocrx_word' id='word_1_247' title='bbox 287 1854 409 1912; x_wconf 85' lang='lat' dir='ltr'>dieitur:</span> <span class='ocrx_word' id='word_1_248' title='bbox 426 1852 489 1910; x_wconf 83' lang='lat' dir='ltr'>lion</span> <span class='ocrx_word' id='word_1_249' title='bbox 503 1853 661 1926; x_wconf 73' lang='lat' dir='ltr'>permanebit</span> <span class='ocrx_word' id='word_1_250' title='bbox 672 1854 781 1924; x_wconf 89' lang='lat' dir='ltr'>spiritns</span> <span class='ocrx_word' id='word_1_251' title='bbox 796 1868 867 1908; x_wconf 82' lang='lat' dir='ltr'>mesa</span> <span class='ocrx_word' id='word_1_252' title='bbox 880 1851 909 1907; x_wconf 87' lang='lat' dir='ltr'>in</span> <span class='ocrx_word' id='word_1_253' title='bbox 920 1850 960 1906; x_wconf 87' lang='lat' dir='ltr'>ln&#39;s</span> <span class='ocrx_word' id='word_1_254' title='bbox 976 1850 1091 1906; x_wconf 86' lang='lat' dir='ltr'>bomini·</span> <span class='ocrx_word' id='word_1_255' title='bbox 1106 1851 1287 1916; x_wconf 73' lang='lat' dir='ltr'>nonantiiss</span> <span class='ocrx_word' id='word_1_256' title='bbox 1308 1852 1354 1925; x_wconf 82' lang='lat' dir='ltr'>psi</span> <span class='ocrx_word' id='word_1_257' title='bbox 1375 1870 1429 1910; x_wconf 81' lang='lat' dir='ltr'>aaa</span> <span class='ocrx_word' id='word_1_258' title='bbox 1442 1855 1583 1928; x_wconf 73' lang='lat' dir='ltr'>gualam</span> <span class='ocrx_word' id='word_1_259' title='bbox 1605 1866 1732 1926; x_wconf 79' lang='lat' dir='ltr'>mmteas,</span> <span class='ocrx_word' id='word_1_260' title='bbox 1746 1859 1843 1915; x_wconf 71' lang='lat' dir='ltr'>doner</span> <span class='ocrx_word' id='word_1_261' title='bbox 1855 1860 1949 1916; x_wconf 71' lang='lat' dir='ltr'>rident</span> 
     </span>
     <span class='ocr_line' id='line_1_19' title="bbox 288 1931 1947 2024; baseline 0.001 -16"><span class='ocrx_word' id='word_1_262' title='bbox 288 1951 348 2018; x_wconf 69' lang='grc' dir='ltr'><strong>ιιι)</strong></span> <span class='ocrx_word' id='word_1_263' title='bbox 359 1949 482 2022; x_wconf 81' lang='lat' dir='ltr'>guertium</span> <span class='ocrx_word' id='word_1_264' title='bbox 496 1957 660 2004; x_wconf 81' lang='lat' dir='ltr'>cantassent</span> <span class='ocrx_word' id='word_1_265' title='bbox 680 1946 758 2021; x_wconf 84' lang='lat' dir='ltr'>(Gen.</span> <span class='ocrx_word' id='word_1_266' title='bbox 770 1931 816 2014; x_wconf 71' lang='grc' dir='ltr'><strong>(ι’,</strong></span> <span class='ocrx_word' id='word_1_267' title='bbox 827 1946 869 2013; x_wconf 74' lang='grc'><strong>5).</strong></span> <span class='ocrx_word' id='word_1_268' title='bbox 883 1943 941 2002; x_wconf 81' lang='lat' dir='ltr'>ltin</span> <span class='ocrx_word' id='word_1_269' title='bbox 955 1943 1039 2017; x_wconf 91' lang='lat' dir='ltr'>igitur</span> <span class='ocrx_word' id='word_1_270' title='bbox 1050 1942 1092 1998; x_wconf 88' lang='lat' dir='ltr'>ai·</span> <span class='ocrx_word' id='word_1_271' title='bbox 1142 1941 1243 2000; x_wconf 76' lang='lat' dir='ltr'>ntum</span> <span class='ocrx_word' id='word_1_272' title='bbox 1257 1945 1370 2002; x_wconf 81' lang='lat' dir='ltr'>bominis</span> <span class='ocrx_word' id='word_1_273' title='bbox 1392 1947 1534 2004; x_wconf 69' lang='lat' dir='ltr'>sementem</span> <span class='ocrx_word' id='word_1_274' title='bbox 1545 1948 1573 2006; x_wconf 84' lang='lat' dir='ltr'>ia</span> <span class='ocrx_word' id='word_1_275' title='bbox 1586 1965 1667 2024; x_wconf 77' lang='lat' dir='ltr'>regno</span> <span class='ocrx_word' id='word_1_276' title='bbox 1680 1967 1731 2007; x_wconf 84' lang='lat' dir='ltr'>aaa</span> <span class='ocrx_word' id='word_1_277' title='bbox 1751 1951 1879 2024; x_wconf 66' lang='lat' dir='ltr'>(Hatra.</span> <span class='ocrx_word' id='word_1_278' title='bbox 1894 1971 1947 2021; x_wconf 81' lang='lat' dir='ltr'>tn,</span> 
     </span>
     <span class='ocr_line' id='line_1_20' title="bbox 289 2033 1946 2117; baseline 0.001 -17"><span class='ocrx_word' id='word_1_279' title='bbox 289 2047 408 2117; x_wconf 73' lang='lat' dir='ltr'>ligantur</span> <span class='ocrx_word' id='word_1_280' title='bbox 425 2041 503 2102; x_wconf 92' lang='lat' dir='ltr'>cruci</span> <span class='ocrx_word' id='word_1_281' title='bbox 533 2041 576 2100; x_wconf 81' lang='lat' dir='ltr'>bae</span> <span class='ocrx_word' id='word_1_282' title='bbox 596 2055 713 2109; x_wconf 87' lang='lat' dir='ltr'>earnes,</span> <span class='ocrx_word' id='word_1_283' title='bbox 735 2051 764 2097; x_wconf 92' lang='lat' dir='ltr'>et</span> <span class='ocrx_word' id='word_1_284' title='bbox 788 2039 896 2114; x_wconf 69' lang='lat' dir='ltr'>11oe</span> <span class='ocrx_word' id='word_1_285' title='bbox 918 2039 1092 2108; x_wconf 74' lang='lat' dir='ltr'>conliguntur</span> <span class='ocrx_word' id='word_1_286' title='bbox 1140 2033 1200 2110; x_wconf 79' lang='lat' dir='ltr'>at).</span> <span class='ocrx_word' id='word_1_287' title='bbox 1216 2037 1315 2095; x_wconf 88' lang='lat' dir='ltr'>llerito</span> <span class='ocrx_word' id='word_1_288' title='bbox 1330 2038 1429 2097; x_wconf 84' lang='lat' dir='ltr'>Petrus</span> <span class='ocrx_word' id='word_1_289' title='bbox 1451 2055 1508 2096; x_wconf 92' lang='lat' dir='ltr'>non</span> <span class='ocrx_word' id='word_1_290' title='bbox 1529 2040 1642 2098; x_wconf 86' lang='lat' dir='ltr'>timebat</span> <span class='ocrx_word' id='word_1_291' title='bbox 1655 2042 1728 2100; x_wconf 89' lang='lat' dir='ltr'>banc</span> <span class='ocrx_word' id='word_1_292' title='bbox 1743 2055 1946 2112; x_wconf 71' lang='lat' dir='ltr'>mortetenus</span> 
     </span>
     <span class='ocr_line' id='line_1_21' title="bbox 286 2129 1945 2208; baseline 0.002 -14"><span class='ocrx_word' id='word_1_293' title='bbox 286 2137 404 2195; x_wconf 86' lang='lat' dir='ltr'>elarisa</span> <span class='ocrx_word' id='word_1_294' title='bbox 426 2135 523 2192; x_wconf 88' lang='lat' dir='ltr'>timore</span> <span class='ocrx_word' id='word_1_295' title='bbox 539 2135 587 2192; x_wconf 86' lang='lat' dir='ltr'>Dei</span> <span class='ocrx_word' id='word_1_296' title='bbox 607 2133 708 2202; x_wconf 85' lang='lat' dir='ltr'>nostri,</span> <span class='ocrx_word' id='word_1_297' title='bbox 732 2147 787 2190; x_wconf 92' lang='lat' dir='ltr'>non</span> <span class='ocrx_word' id='word_1_298' title='bbox 807 2131 978 2204; x_wconf 88' lang='lat' dir='ltr'>permanebit</span> <span class='ocrx_word' id='word_1_299' title='bbox 1000 2131 1028 2187; x_wconf 91' lang='lat' dir='ltr'>in</span> <span class='ocrx_word' id='word_1_300' title='bbox 1048 2129 1091 2188; x_wconf 90' lang='lat' dir='ltr'>bis</span> <span class='ocrx_word' id='word_1_301' title='bbox 1143 2129 1257 2188; x_wconf 87' lang='lat' dir='ltr'>timebat</span> <span class='ocrx_word' id='word_1_302' title='bbox 1280 2131 1355 2188; x_wconf 90' lang='lat' dir='ltr'>enim</span> <span class='ocrx_word' id='word_1_303' title='bbox 1368 2131 1416 2206; x_wconf 82' lang='lat' dir='ltr'>qui</span> <span class='ocrx_word' id='word_1_304' title='bbox 1434 2131 1558 2199; x_wconf 79' lang='lat' dir='ltr'>dicebat.</span> <span class='ocrx_word' id='word_1_305' title='bbox 1573 2133 1636 2208; x_wconf 80' lang='lat' dir='ltr'>quia</span> <span class='ocrx_word' id='word_1_306' title='bbox 1650 2136 1702 2192; x_wconf 88' lang='lat' dir='ltr'>etsi</span> <span class='ocrx_word' id='word_1_307' title='bbox 1725 2147 1883 2208; x_wconf 84' lang='lat' dir='ltr'>oporteret</span> <span class='ocrx_word' id='word_1_308' title='bbox 1895 2157 1945 2197; x_wconf 82' lang='lat' dir='ltr'>esa</span> 
     </span>
     <span class='ocr_line' id='line_1_22' title="bbox 288 2223 1947 2308; baseline 0.001 -19"><span class='ocrx_word' id='word_1_309' title='bbox 288 2232 401 2305; x_wconf 87' lang='lat' dir='ltr'>spiritns</span> <span class='ocrx_word' id='word_1_310' title='bbox 417 2231 476 2288; x_wconf 76' lang='lat' dir='ltr'>lici.</span> <span class='ocrx_word' id='word_1_311' title='bbox 1141 2240 1191 2300; x_wconf 85' lang='lat' dir='ltr'>pro</span> <span class='ocrx_word' id='word_1_312' title='bbox 1204 2223 1314 2282; x_wconf 85' lang='lat' dir='ltr'>Cbristo</span> <span class='ocrx_word' id='word_1_313' title='bbox 1329 2227 1417 2296; x_wconf 89' lang='lat' dir='ltr'>mori,</span> <span class='ocrx_word' id='word_1_314' title='bbox 1431 2243 1486 2286; x_wconf 93' lang='lat' dir='ltr'>non</span> <span class='ocrx_word' id='word_1_315' title='bbox 1500 2244 1564 2286; x_wconf 88' lang='lat' dir='ltr'>enm</span> <span class='ocrx_word' id='word_1_316' title='bbox 1578 2231 1749 2302; x_wconf 83' lang='lat' dir='ltr'>relinqueret</span> <span class='ocrx_word' id='word_1_317' title='bbox 1772 2243 1827 2289; x_wconf 87' lang='lat' dir='ltr'>aut</span> <span class='ocrx_word' id='word_1_318' title='bbox 1842 2243 1947 2308; x_wconf 84' lang='lat' dir='ltr'>negaret</span> 
     </span>
    </p>

    <p class='ocr_par' dir='ltr' id='par_1_3' title="bbox 283 2318 1945 3235">
     <span class='ocr_line' id='line_1_23' title="bbox 321 2318 1944 2398; baseline 0.001 -13"><span class='ocrx_word' id='word_1_319' title='bbox 321 2327 367 2385; x_wconf 77' lang='grc'><strong>58.</strong></span> <span class='ocrx_word' id='word_1_320' title='bbox 388 2326 466 2384; x_wconf 89' lang='lat' dir='ltr'>Sient</span> <span class='ocrx_word' id='word_1_321' title='bbox 479 2331 543 2382; x_wconf 91' lang='lat' dir='ltr'>suut</span> <span class='ocrx_word' id='word_1_322' title='bbox 553 2321 641 2382; x_wconf 87' lang='lat' dir='ltr'>aculei</span> <span class='ocrx_word' id='word_1_323' title='bbox 667 2322 788 2386; x_wconf 86' lang='lat' dir='ltr'>timoris.</span> <span class='ocrx_word' id='word_1_324' title='bbox 805 2321 907 2394; x_wconf 83' lang='lat' dir='ltr'>quibus</span> <span class='ocrx_word' id='word_1_325' title='bbox 926 2322 1090 2394; x_wconf 88' lang='lat' dir='ltr'>compungi·</span> <span class='ocrx_word' id='word_1_326' title='bbox 1142 2318 1251 2394; x_wconf 70' lang='lat' dir='ltr'>(ssattb.</span> <span class='ocrx_word' id='word_1_327' title='bbox 1266 2321 1571 2392; x_wconf 60' lang='lat' dir='ltr'>mamuldarium</span> <span class='ocrx_word' id='word_1_328' title='bbox 1591 2338 1658 2398; x_wconf 90' lang='lat' dir='ltr'>ergo</span> <span class='ocrx_word' id='word_1_329' title='bbox 1681 2340 1799 2384; x_wconf 86' lang='lat' dir='ltr'>crucem</span> <span class='ocrx_word' id='word_1_330' title='bbox 1823 2327 1944 2388; x_wconf 81' lang='lat' dir='ltr'>Domini.</span> 
     </span>
     <span class='ocr_line' id='line_1_24' title="bbox 287 2403 1943 2490; baseline -0.002 -10"><span class='ocrx_word' id='word_1_331' title='bbox 287 2437 370 2480; x_wconf 89' lang='lat' dir='ltr'>mur:</span> <span class='ocrx_word' id='word_1_332' title='bbox 387 2423 423 2478; x_wconf 94' lang='lat' dir='ltr'>ita</span> <span class='ocrx_word' id='word_1_333' title='bbox 436 2428 500 2478; x_wconf 90' lang='lat' dir='ltr'>sunt</span> <span class='ocrx_word' id='word_1_334' title='bbox 513 2420 583 2478; x_wconf 84' lang='lat' dir='ltr'>clari</span> <span class='ocrx_word' id='word_1_335' title='bbox 599 2418 717 2484; x_wconf 87' lang='lat' dir='ltr'>timoris,</span> <span class='ocrx_word' id='word_1_336' title='bbox 732 2417 830 2490; x_wconf 84' lang='lat' dir='ltr'>quibus</span> <span class='ocrx_word' id='word_1_337' title='bbox 844 2415 1016 2489; x_wconf 87' lang='lat' dir='ltr'>conligirour.</span> <span class='ocrx_word' id='word_1_338' title='bbox 1038 2412 1091 2484; x_wconf 83' lang='lat' dir='ltr'>Qui</span> <span class='ocrx_word' id='word_1_339' title='bbox 1140 2429 1202 2486; x_wconf 78' lang='lat' dir='ltr'>oute</span> <span class='ocrx_word' id='word_1_340' title='bbox 1224 2413 1344 2488; x_wconf 86' lang='lat' dir='ltr'>conligat</span> <span class='ocrx_word' id='word_1_341' title='bbox 1367 2430 1463 2472; x_wconf 86' lang='lat' dir='ltr'>earnes</span> <span class='ocrx_word' id='word_1_342' title='bbox 1486 2425 1616 2486; x_wconf 83' lang='lat' dir='ltr'>nostras,</span> <span class='ocrx_word' id='word_1_343' title='bbox 1640 2403 1787 2488; x_wconf 82' lang='lat' dir='ltr'>peceatum</span> <span class='ocrx_word' id='word_1_344' title='bbox 1815 2420 1943 2480; x_wconf 86' lang='lat' dir='ltr'>destruat</span> 
     </span>
     <span class='ocr_line' id='line_1_25' title="bbox 285 2506 1945 2588; baseline -0.003 -14"><span class='ocrx_word' id='word_1_345' title='bbox 285 2515 493 2588; x_wconf 89' lang='lat' dir='ltr'>compungitur,</span> <span class='ocrx_word' id='word_1_346' title='bbox 509 2514 666 2570; x_wconf 81' lang='lat' dir='ltr'>excitatur:</span> <span class='ocrx_word' id='word_1_347' title='bbox 686 2511 733 2587; x_wconf 80' lang='lat' dir='ltr'>qni</span> <span class='ocrx_word' id='word_1_348' title='bbox 756 2511 919 2585; x_wconf 84' lang='lat' dir='ltr'>conligitur‚</span> <span class='ocrx_word' id='word_1_349' title='bbox 944 2508 1091 2567; x_wconf 81' lang='lat' dir='ltr'>montillea-</span> <span class='ocrx_word' id='word_1_350' title='bbox 1141 2506 1189 2564; x_wconf 82' lang='lat' dir='ltr'>Est</span> <span class='ocrx_word' id='word_1_351' title='bbox 1205 2507 1287 2564; x_wconf 85' lang='lat' dir='ltr'>timor</span> <span class='ocrx_word' id='word_1_352' title='bbox 1301 2507 1348 2580; x_wconf 84' lang='lat' dir='ltr'>qni</span> <span class='ocrx_word' id='word_1_353' title='bbox 1362 2507 1476 2582; x_wconf 86' lang='lat' dir='ltr'>conligit</span> <span class='ocrx_word' id='word_1_354' title='bbox 1494 2522 1594 2566; x_wconf 78' lang='lat' dir='ltr'>carries</span> <span class='ocrx_word' id='word_1_355' title='bbox 1607 2526 1614 2564; x_wconf 93' lang='lat'><strong>:</strong></span> <span class='ocrx_word' id='word_1_356' title='bbox 1629 2507 1693 2565; x_wconf 79' lang='lat' dir='ltr'>Nisi</span> <span class='ocrx_word' id='word_1_357' title='bbox 1705 2513 1767 2582; x_wconf 86' lang='lat' dir='ltr'>pais</span> <span class='ocrx_word' id='word_1_358' title='bbox 1784 2513 1884 2570; x_wconf 71' lang='lat' dir='ltr'>tuleris</span> <span class='ocrx_word' id='word_1_359' title='bbox 1896 2532 1945 2570; x_wconf 81' lang='lat' dir='ltr'>cra-</span> 
     </span>
     <span class='ocr_line' id='line_1_26' title="bbox 283 2602 1944 2684; baseline -0.004 -15"><span class='ocrx_word' id='word_1_360' title='bbox 283 2621 345 2683; x_wconf 89' lang='lat' dir='ltr'>tur;</span> <span class='ocrx_word' id='word_1_361' title='bbox 361 2607 727 2684; x_wconf 86' lang='lat' dir='ltr'>tttpeceatodclicial,ileo</span> <span class='ocrx_word' id='word_1_362' title='bbox 743 2605 877 2664; x_wconf 79' lang='lat' dir='ltr'>matut</span> <span class='ocrx_word' id='word_1_363' title='bbox 897 2604 1019 2663; x_wconf 89' lang='lat' dir='ltr'>sciamus</span> <span class='ocrx_word' id='word_1_364' title='bbox 1041 2618 1091 2660; x_wconf 91' lang='lat' dir='ltr'>au·</span> <span class='ocrx_word' id='word_1_365' title='bbox 1140 2615 1197 2656; x_wconf 82' lang='lat' dir='ltr'>cem</span> <span class='ocrx_word' id='word_1_366' title='bbox 1219 2616 1308 2668; x_wconf 83' lang='lat' dir='ltr'>mom,</span> <span class='ocrx_word' id='word_1_367' title='bbox 1325 2610 1350 2656; x_wconf 84' lang='lat' dir='ltr'>ct</span> <span class='ocrx_word' id='word_1_368' title='bbox 1371 2613 1476 2658; x_wconf 81' lang='lat' dir='ltr'>assatus</span> <span class='ocrx_word' id='word_1_369' title='bbox 1489 2618 1531 2657; x_wconf 87' lang='lat' dir='ltr'>me</span> <span class='ocrx_word' id='word_1_370' title='bbox 1551 2602 1648 2674; x_wconf 75' lang='lat' dir='ltr'>luent,</span> <span class='ocrx_word' id='word_1_371' title='bbox 1663 2619 1715 2659; x_wconf 81' lang='lat' dir='ltr'>stou</span> <span class='ocrx_word' id='word_1_372' title='bbox 1737 2614 1781 2661; x_wconf 87' lang='lat' dir='ltr'>ess</span> <span class='ocrx_word' id='word_1_373' title='bbox 1802 2623 1849 2662; x_wconf 82' lang='lat' dir='ltr'>stae</span> <span class='ocrx_word' id='word_1_374' title='bbox 1862 2609 1944 2681; x_wconf 73' lang='lat' dir='ltr'>dign</span> 
     </span>
     <span class='ocr_line' id='line_1_27' title="bbox 284 2685 1943 2776; baseline -0.004 -14"><span class='ocrx_word' id='word_1_375' title='bbox 284 2716 341 2765; x_wconf 87' lang='lat' dir='ltr'>tem</span> <span class='ocrx_word' id='word_1_376' title='bbox 364 2705 458 2763; x_wconf 85' lang='lat' dir='ltr'>clavos</span> <span class='ocrx_word' id='word_1_377' title='bbox 470 2703 606 2776; x_wconf 89' lang='lat' dir='ltr'>spiritales</span> <span class='ocrx_word' id='word_1_378' title='bbox 628 2716 707 2771; x_wconf 87' lang='lat' dir='ltr'>esse,</span> <span class='ocrx_word' id='word_1_379' title='bbox 724 2700 807 2757; x_wconf 88' lang='lat' dir='ltr'>etiarn</span> <span class='ocrx_word' id='word_1_380' title='bbox 828 2697 931 2756; x_wconf 87' lang='lat' dir='ltr'>stimuli</span> <span class='ocrx_word' id='word_1_381' title='bbox 952 2685 1091 2770; x_wconf 76' lang='lat' dir='ltr'>spiritubus</span> <span class='ocrx_word' id='word_1_382' title='bbox 1141 2690 1250 2763; x_wconf 85' lang='lat' dir='ltr'>(llattlr.</span> <span class='ocrx_word' id='word_1_383' title='bbox 1266 2710 1297 2764; x_wconf 84' lang='lat' dir='ltr'>a,</span> <span class='ocrx_word' id='word_1_384' title='bbox 1312 2692 1369 2768; x_wconf 77' lang='grc'><strong>88).</strong></span> <span class='ocrx_word' id='word_1_385' title='bbox 1385 2693 1522 2752; x_wconf 88' lang='lat' dir='ltr'>llleenim</span> <span class='ocrx_word' id='word_1_386' title='bbox 1544 2694 1642 2766; x_wconf 90' lang='lat' dir='ltr'>dignos</span> <span class='ocrx_word' id='word_1_387' title='bbox 1664 2697 1711 2769; x_wconf 82' lang='lat' dir='ltr'>qui</span> <span class='ocrx_word' id='word_1_388' title='bbox 1734 2695 1825 2756; x_wconf 84' lang='lat' dir='ltr'>babet</span> <span class='ocrx_word' id='word_1_389' title='bbox 1848 2699 1943 2758; x_wconf 77' lang='lat' dir='ltr'>Christi</span> 
     </span>
     <span class='ocr_line' id='line_1_28' title="bbox 283 2785 1942 2870; baseline -0.005 -13"><span class='ocrx_word' id='word_1_390' title='bbox 283 2809 357 2866; x_wconf 88' lang='lat' dir='ltr'>cunt,</span> <span class='ocrx_word' id='word_1_391' title='bbox 372 2799 517 2870; x_wconf 80' lang='lat' dir='ltr'>dequibus</span> <span class='ocrx_word' id='word_1_392' title='bbox 530 2797 662 2870; x_wconf 86' lang='lat' dir='ltr'>scriptum</span> <span class='ocrx_word' id='word_1_393' title='bbox 678 2804 720 2853; x_wconf 90' lang='lat' dir='ltr'>est</span> <span class='ocrx_word' id='word_1_394' title='bbox 738 2811 745 2848; x_wconf 86' lang='grc' dir='ltr'><strong>ι</strong></span> <span class='ocrx_word' id='word_1_395' title='bbox 761 2792 864 2850; x_wconf 72' lang='lat' dir='ltr'>Duarum</span> <span class='ocrx_word' id='word_1_396' title='bbox 878 2791 925 2846; x_wconf 87' lang='lat' dir='ltr'>tili</span> <span class='ocrx_word' id='word_1_397' title='bbox 939 2799 979 2846; x_wconf 84' lang='lat' dir='ltr'>eat</span> <span class='ocrx_word' id='word_1_398' title='bbox 995 2788 1089 2846; x_wconf 70' lang='lat' dir='ltr'>adam·</span> <span class='ocrx_word' id='word_1_399' title='bbox 1142 2785 1284 2853; x_wconf 69' lang='lat' dir='ltr'>timorctm</span> <span class='ocrx_word' id='word_1_400' title='bbox 1307 2796 1337 2845; x_wconf 88' lang='grc' dir='ltr'>ιιι</span> <span class='ocrx_word' id='word_1_401' title='bbox 1359 2787 1500 2862; x_wconf 84' lang='lat' dir='ltr'>crucillgat</span> <span class='ocrx_word' id='word_1_402' title='bbox 1526 2789 1633 2862; x_wconf 75' lang='lat'><strong>1170</strong></span> <span class='ocrx_word' id='word_1_403' title='bbox 1654 2789 1769 2847; x_wconf 89' lang='lat' dir='ltr'>carnale</span> <span class='ocrx_word' id='word_1_404' title='bbox 1792 2804 1942 2865; x_wconf 61' lang='lat' dir='ltr'>mestun.</span> 
     </span>
     <span class='ocr_line' id='line_1_29' title="bbox 283 2879 1942 2961; baseline -0.004 -13"><span class='ocrx_word' id='word_1_405' title='bbox 283 2909 329 2950; x_wconf 86' lang='lat' dir='ltr'>sos</span> <span class='ocrx_word' id='word_1_406' title='bbox 342 2891 476 2948; x_wconf 88' lang='lat' dir='ltr'>stinminm</span> <span class='ocrx_word' id='word_1_407' title='bbox 491 2890 626 2945; x_wconf 74' lang='lat' dir='ltr'>calcitrare</span> <span class='ocrx_word' id='word_1_408' title='bbox 639 2887 710 2961; x_wconf 85' lang='lat' dir='ltr'>(let.</span> <span class='ocrx_word' id='word_1_409' title='bbox 721 2902 760 2955; x_wconf 87' lang='lat' dir='ltr'>rr,</span> <span class='ocrx_word' id='word_1_410' title='bbox 776 2885 816 2958; x_wconf 82' lang='grc'><strong>5).</strong></span> <span class='ocrx_word' id='word_1_411' title='bbox 831 2884 889 2941; x_wconf 91' lang='lat' dir='ltr'>lloe</span> <span class='ocrx_word' id='word_1_412' title='bbox 898 2882 1009 2942; x_wconf 76' lang='lat' dir='ltr'>stimmo</span> <span class='ocrx_word' id='word_1_413' title='bbox 1020 2882 1091 2939; x_wconf 82' lang='lat' dir='ltr'>rau-</span> <span class='ocrx_word' id='word_1_414' title='bbox 1140 2879 1219 2938; x_wconf 91' lang='lat' dir='ltr'>lluuc</span> <span class='ocrx_word' id='word_1_415' title='bbox 1245 2881 1370 2940; x_wconf 90' lang='lat' dir='ltr'>timorem</span> <span class='ocrx_word' id='word_1_416' title='bbox 1391 2883 1515 2956; x_wconf 84' lang='lat' dir='ltr'>sequitur</span> <span class='ocrx_word' id='word_1_417' title='bbox 1537 2882 1675 2949; x_wconf 82' lang='lat' dir='ltr'>charitas.</span> <span class='ocrx_word' id='word_1_418' title='bbox 1696 2899 1760 2956; x_wconf 69' lang='lat' dir='ltr'>oua</span> <span class='ocrx_word' id='word_1_419' title='bbox 1786 2889 1942 2961; x_wconf 83' lang='lat' dir='ltr'>consepulta</span> 
     </span>
     <span class='ocr_line' id='line_1_30' title="bbox 286 2970 1942 3048; baseline -0.001 -8"><span class='ocrx_word' id='word_1_420' title='bbox 286 2984 330 3040; x_wconf 90' lang='lat' dir='ltr'>lus</span> <span class='ocrx_word' id='word_1_421' title='bbox 342 2983 498 3039; x_wconf 90' lang='lat' dir='ltr'>stimulatus</span> <span class='ocrx_word' id='word_1_422' title='bbox 512 2981 632 3038; x_wconf 78' lang='lat' dir='ltr'>surrexit</span> <span class='ocrx_word' id='word_1_423' title='bbox 646 2996 663 3037; x_wconf 87' lang='lat' dir='ltr'>c</span> <span class='ocrx_word' id='word_1_424' title='bbox 676 2989 760 3045; x_wconf 87' lang='lat' dir='ltr'>terra,</span> <span class='ocrx_word' id='word_1_425' title='bbox 773 2985 802 3035; x_wconf 93' lang='lat' dir='ltr'>et</span> <span class='ocrx_word' id='word_1_426' title='bbox 811 2992 842 3034; x_wconf 86' lang='lat' dir='ltr'>se</span> <span class='ocrx_word' id='word_1_427' title='bbox 852 2975 969 3043; x_wconf 78' lang='lat' dir='ltr'>terat-it,</span> <span class='ocrx_word' id='word_1_428' title='bbox 982 2984 1013 3032; x_wconf 91' lang='lat' dir='ltr'>ut</span> <span class='ocrx_word' id='word_1_429' title='bbox 1022 2990 1091 3033; x_wconf 92' lang='lat' dir='ltr'>cun·</span> <span class='ocrx_word' id='word_1_430' title='bbox 1140 2987 1203 3030; x_wconf 92' lang='lat' dir='ltr'>cum</span> <span class='ocrx_word' id='word_1_431' title='bbox 1232 2970 1343 3030; x_wconf 78' lang='lat' dir='ltr'>cbristo</span> <span class='ocrx_word' id='word_1_432' title='bbox 1366 2988 1422 3030; x_wconf 91' lang='lat' dir='ltr'>oon</span> <span class='ocrx_word' id='word_1_433' title='bbox 1448 2973 1593 3032; x_wconf 74' lang='lat' dir='ltr'>divellatur</span> <span class='ocrx_word' id='word_1_434' title='bbox 1614 2989 1629 3030; x_wconf 90' lang='lat' dir='ltr'>a</span> <span class='ocrx_word' id='word_1_435' title='bbox 1656 2974 1788 3048; x_wconf 79' lang='lat' dir='ltr'>curiam,</span> <span class='ocrx_word' id='word_1_436' title='bbox 1816 2983 1942 3039; x_wconf 81' lang='lat' dir='ltr'>morlain</span> 
     </span>
     <span class='ocr_line' id='line_1_31' title="bbox 284 3065 1942 3150; baseline 0.002 -20"><span class='ocrx_word' id='word_1_437' title='bbox 284 3083 443 3132; x_wconf 82' lang='lat' dir='ltr'>uersaretur</span> <span class='ocrx_word' id='word_1_438' title='bbox 466 3075 494 3128; x_wconf 93' lang='lat' dir='ltr'>in</span> <span class='ocrx_word' id='word_1_439' title='bbox 516 3073 597 3130; x_wconf 76' lang='lat' dir='ltr'>cocio.</span> <span class='ocrx_word' id='word_1_440' title='bbox 619 3069 750 3128; x_wconf 77' lang='lat' dir='ltr'>Gornllaus</span> <span class='ocrx_word' id='word_1_441' title='bbox 772 3076 815 3126; x_wconf 91' lang='lat' dir='ltr'>est</span> <span class='ocrx_word' id='word_1_442' title='bbox 838 3067 924 3124; x_wconf 84' lang='lat' dir='ltr'>claris</span> <span class='ocrx_word' id='word_1_443' title='bbox 948 3065 1090 3139; x_wconf 92' lang='lat' dir='ltr'>apostolus</span> <span class='ocrx_word' id='word_1_444' title='bbox 1142 3067 1169 3124; x_wconf 93' lang='lat' dir='ltr'>in</span> <span class='ocrx_word' id='word_1_445' title='bbox 1199 3067 1325 3140; x_wconf 86' lang='lat' dir='ltr'>Cirristo,</span> <span class='ocrx_word' id='word_1_446' title='bbox 1357 3069 1535 3128; x_wconf 80' lang='lat' dir='ltr'>attumuletur</span> <span class='ocrx_word' id='word_1_447' title='bbox 1564 3071 1692 3143; x_wconf 74' lang='lat' dir='ltr'>(bristo,</span> <span class='ocrx_word' id='word_1_448' title='bbox 1725 3085 1863 3150; x_wconf 82' lang='lat' dir='ltr'>resurgat</span> <span class='ocrx_word' id='word_1_449' title='bbox 1889 3091 1942 3135; x_wconf 76' lang='lat' dir='ltr'>cn</span> 
     </span>
     <span class='ocr_line' id='line_1_32' title="bbox 285 3158 1260 3235; baseline -0.01 -8"><span class='ocrx_word' id='word_1_450' title='bbox 285 3170 420 3235; x_wconf 84' lang='lat' dir='ltr'>Tlrotnas,</span> <span class='ocrx_word' id='word_1_451' title='bbox 446 3175 478 3223; x_wconf 92' lang='lat' dir='ltr'>ut</span> <span class='ocrx_word' id='word_1_452' title='bbox 500 3165 626 3224; x_wconf 86' lang='lat' dir='ltr'>diceret:</span> <span class='ocrx_word' id='word_1_453' title='bbox 644 3161 705 3220; x_wconf 85' lang='lat' dir='ltr'>Nira&#39;</span> <span class='ocrx_word' id='word_1_454' title='bbox 728 3160 818 3216; x_wconf 83' lang='lat' dir='ltr'>uidero</span> <span class='ocrx_word' id='word_1_455' title='bbox 841 3160 869 3215; x_wconf 92' lang='lat' dir='ltr'>ln</span> <span class='ocrx_word' id='word_1_456' title='bbox 892 3159 1009 3215; x_wconf 88' lang='lat' dir='ltr'>atanilns</span> <span class='ocrx_word' id='word_1_457' title='bbox 1032 3158 1090 3230; x_wconf 61' lang='lat' dir='ltr'>mss</span> <span class='ocrx_word' id='word_1_458' title='bbox 1140 3160 1260 3222; x_wconf 86' lang='lat' dir='ltr'>Cbristu.</span> 
     </span>
    </p>
   </div>
   <div class='ocr_carea' id='block_1_3' title="bbox 285 3249 1938 3610">
    <p class='ocr_par' dir='ltr' id='par_1_4' title="bbox 285 3249 1599 3514">
     <span class='ocr_line' id='line_1_33' title="bbox 287 3249 1126 3332; baseline -0.019 -13"><span class='ocrx_word' id='word_1_459' title='bbox 287 3263 388 3332; x_wconf 69' lang='lat' dir='ltr'>risurus</span> <span class='ocrx_word' id='word_1_460' title='bbox 410 3261 560 3324; x_wconf 84' lang='lat' dir='ltr'>clarorum,</span> <span class='ocrx_word' id='word_1_461' title='bbox 575 3265 600 3312; x_wconf 88' lang='lat' dir='ltr'>et</span> <span class='ocrx_word' id='word_1_462' title='bbox 614 3255 717 3311; x_wconf 87' lang='lat' dir='ltr'>mittam</span> <span class='ocrx_word' id='word_1_463' title='bbox 730 3253 840 3327; x_wconf 79' lang='lat' dir='ltr'>digitum</span> <span class='ocrx_word' id='word_1_464' title='bbox 853 3267 938 3307; x_wconf 85' lang='lat' dir='ltr'>mrum</span> <span class='ocrx_word' id='word_1_465' title='bbox 961 3251 989 3306; x_wconf 87' lang='lat' dir='ltr'>in</span> <span class='ocrx_word' id='word_1_466' title='bbox 1004 3249 1126 3316; x_wconf 82' lang='lat' dir='ltr'>ioesmc</span> 
     </span>
     <span class='ocr_line' id='line_1_34' title="bbox 285 3340 1089 3427; baseline -0.015 -16"><span class='ocrx_word' id='word_1_467' title='bbox 285 3355 419 3411; x_wconf 74' lang='lat' dir='ltr'>emturum</span> <span class='ocrx_word' id='word_1_468' title='bbox 441 3351 534 3427; x_wconf 83' lang='lat' dir='ltr'>(ioan.</span> <span class='ocrx_word' id='word_1_469' title='bbox 550 3365 601 3417; x_wconf 86' lang='lat' dir='ltr'>xx,</span> <span class='ocrx_word' id='word_1_470' title='bbox 614 3346 675 3422; x_wconf 77' lang='grc'><strong>85).</strong></span> <span class='ocrx_word' id='word_1_471' title='bbox 688 3344 765 3404; x_wconf 83' lang='lat' dir='ltr'>Clari</span> <span class='ocrx_word' id='word_1_472' title='bbox 789 3353 869 3403; x_wconf 89' lang='lat' dir='ltr'>eraut</span> <span class='ocrx_word' id='word_1_473' title='bbox 886 3343 965 3400; x_wconf 75' lang='lat' dir='ltr'>bona</span> <span class='ocrx_word' id='word_1_474' title='bbox 984 3340 1089 3414; x_wconf 88' lang='lat' dir='ltr'>cupidi-</span> 
     </span>
     <span class='ocr_line' id='line_1_35' title="bbox 287 3420 1599 3514; baseline -0.023 -6"><span class='ocrx_word' id='word_1_475' title='bbox 287 3450 371 3508; x_wconf 87' lang='lat' dir='ltr'>tatis:</span> <span class='ocrx_word' id='word_1_476' title='bbox 386 3448 456 3507; x_wconf 88' lang='lat' dir='ltr'>claui</span> <span class='ocrx_word' id='word_1_477' title='bbox 475 3454 556 3504; x_wconf 87' lang='lat' dir='ltr'>erant</span> <span class='ocrx_word' id='word_1_478' title='bbox 577 3443 629 3502; x_wconf 88' lang='lat' dir='ltr'>etsi</span> <span class='ocrx_word' id='word_1_479' title='bbox 655 3457 709 3500; x_wconf 87' lang='lat' dir='ltr'>non</span> <span class='ocrx_word' id='word_1_480' title='bbox 744 3438 875 3514; x_wconf 68' lang='lat' dir='ltr'>perlecta</span> <span class='ocrx_word' id='word_1_481' title='bbox 897 3437 977 3508; x_wconf 89' lang='lat' dir='ltr'>lidei,</span> <span class='ocrx_word' id='word_1_482' title='bbox 998 3445 1090 3495; x_wconf 87' lang='lat' dir='ltr'>tamen</span> <span class='ocrx_word' id='word_1_483' title='bbox 1485 3423 1515 3480; x_wconf 68' lang='lat' dir='ltr'>l.</span> <span class='ocrx_word' id='word_1_484' title='bbox 1536 3420 1599 3477; x_wconf 75' lang='lat' dir='ltr'>tir.</span> 
     </span>
    </p>

    <p class='ocr_par' dir='ltr' id='par_1_5' title="bbox 289 3529 1938 3610">
     <span class='ocr_line' id='line_1_36' title="bbox 289 3529 1938 3610; baseline -0.005 -10"><span class='ocrx_word' id='word_1_485' title='bbox 289 3542 353 3600; x_wconf 90' lang='lat' dir='ltr'>lidei</span> <span class='ocrx_word' id='word_1_486' title='bbox 364 3545 532 3600; x_wconf 88' lang='lat' dir='ltr'>incrementa</span> <span class='ocrx_word' id='word_1_487' title='bbox 544 3535 704 3610; x_wconf 79' lang='lat' dir='ltr'>quaerentis.</span> <span class='ocrx_word' id='word_1_488' title='bbox 1178 3531 1204 3588; x_wconf 91' lang='lat' dir='ltr'>i.</span> <span class='ocrx_word' id='word_1_489' title='bbox 1225 3529 1322 3602; x_wconf 88' lang='lat' dir='ltr'>incipit</span> <span class='ocrx_word' id='word_1_490' title='bbox 1343 3531 1434 3590; x_wconf 85' lang='lat' dir='ltr'>littera</span> <span class='ocrx_word' id='word_1_491' title='bbox 1456 3532 1563 3590; x_wconf 89' lang='lat' dir='ltr'>decima</span> <span class='ocrx_word' id='word_1_492' title='bbox 1578 3541 1655 3591; x_wconf 84' lang='lat' dir='ltr'>serta</span> <span class='ocrx_word' id='word_1_493' title='bbox 1674 3533 1742 3602; x_wconf 78' lang='lat' dir='ltr'>Aisa,</span> <span class='ocrx_word' id='word_1_494' title='bbox 1759 3533 1843 3608; x_wconf 78' lang='lat' dir='ltr'>cujus</span> <span class='ocrx_word' id='word_1_495' title='bbox 1862 3533 1938 3594; x_wconf 87' lang='lat' dir='ltr'>iuter·</span> 
     </span>
    </p>
   </div>
   <div class='ocr_carea' id='block_1_4' title="bbox 1315 3300 1772 3366">
    <p class='ocr_par' dir='ltr' id='par_1_6' title="bbox 1315 3300 1772 3366">
     <span class='ocr_line' id='line_1_37' title="bbox 1315 3300 1772 3366; baseline 0.011 -8"><span class='ocrx_word' id='word_1_496' title='bbox 1315 3300 1431 3360; x_wconf 76' lang='lat' dir='ltr'>sutttlo</span> <span class='ocrx_word' id='word_1_497' title='bbox 1450 3301 1602 3365; x_wconf 73' lang='lat' dir='ltr'>nunnus</span> <span class='ocrx_word' id='word_1_498' title='bbox 1623 3305 1772 3366; x_wconf 72' lang='lat' dir='ltr'>sextus.</span> 
     </span>
    </p>
   </div>
   <div class='ocr_carea' id='block_1_5' title="bbox 286 3624 1938 5480">
    <p class='ocr_par' dir='ltr' id='par_1_7' title="bbox 286 3624 1938 5480">
     <span class='ocr_line' id='line_1_38' title="bbox 325 3624 1938 3704; baseline -0.007 -10"><span class='ocrx_word' id='word_1_499' title='bbox 325 3636 371 3694; x_wconf 81' lang='lat'>59.</span> <span class='ocrx_word' id='word_1_500' title='bbox 393 3634 440 3692; x_wconf 89' lang='lat' dir='ltr'>llis</span> <span class='ocrx_word' id='word_1_501' title='bbox 458 3630 602 3704; x_wconf 90' lang='lat' dir='ltr'>conligitur</span> <span class='ocrx_word' id='word_1_502' title='bbox 623 3628 727 3698; x_wconf 83' lang='lat' dir='ltr'>clavis,</span> <span class='ocrx_word' id='word_1_503' title='bbox 741 3627 788 3701; x_wconf 84' lang='lat' dir='ltr'>qui</span> <span class='ocrx_word' id='word_1_504' title='bbox 810 3625 920 3686; x_wconf 82' lang='lat' dir='ltr'>cbristo</span> <span class='ocrx_word' id='word_1_505' title='bbox 942 3624 1091 3684; x_wconf 89' lang='lat' dir='ltr'>commori·</span> <span class='ocrx_word' id='word_1_506' title='bbox 1141 3625 1258 3700; x_wconf 88' lang='lat' dir='ltr'>pretatio</span> <span class='ocrx_word' id='word_1_507' title='bbox 1271 3634 1330 3694; x_wconf 89' lang='lat' dir='ltr'>est,</span> <span class='ocrx_word' id='word_1_508' title='bbox 1348 3625 1538 3697; x_wconf 83' lang='lat' dir='ltr'>Oculus,sire</span> <span class='ocrx_word' id='word_1_509' title='bbox 1562 3631 1657 3702; x_wconf 71' lang='lat' dir='ltr'>pona.c</span> <span class='ocrx_word' id='word_1_510' title='bbox 1677 3627 1783 3688; x_wconf 83' lang='lat' dir='ltr'>Oenius</span> <span class='ocrx_word' id='word_1_511' title='bbox 1806 3631 1894 3690; x_wconf 88' lang='lat' dir='ltr'>utitur</span> <span class='ocrx_word' id='word_1_512' title='bbox 1906 3631 1938 3687; x_wconf 73' lang='grc' dir='ltr'><strong>ιι</strong></span> 
     </span>
     <span class='ocr_line' id='line_1_39' title="bbox 291 3718 1935 3799; baseline -0.007 -13"><span class='ocrx_word' id='word_1_513' title='bbox 291 3739 351 3799; x_wconf 83' lang='grc' dir='ltr'><strong>ιιι,</strong></span> <span class='ocrx_word' id='word_1_514' title='bbox 366 3737 397 3786; x_wconf 93' lang='lat' dir='ltr'>ut</span> <span class='ocrx_word' id='word_1_515' title='bbox 408 3743 471 3787; x_wconf 86' lang='lat' dir='ltr'>cum</span> <span class='ocrx_word' id='word_1_516' title='bbox 483 3725 591 3784; x_wconf 82' lang='lat' dir='ltr'>cbristo</span> <span class='ocrx_word' id='word_1_517' title='bbox 617 3731 751 3798; x_wconf 90' lang='lat' dir='ltr'>resurgat.</span> <span class='ocrx_word' id='word_1_518' title='bbox 765 3722 814 3780; x_wconf 88' lang='lat' dir='ltr'>llis</span> <span class='ocrx_word' id='word_1_519' title='bbox 828 3721 976 3794; x_wconf 82' lang='lat' dir='ltr'>configitur</span> <span class='ocrx_word' id='word_1_520' title='bbox 989 3718 1089 3794; x_wconf 66' lang='lat' dir='ltr'>clarisj⁹</span> <span class='ocrx_word' id='word_1_521' title='bbox 1140 3721 1223 3780; x_wconf 90' lang='lat' dir='ltr'>dendi</span> <span class='ocrx_word' id='word_1_522' title='bbox 1236 3737 1351 3780; x_wconf 84' lang='lat' dir='ltr'>munere</span> <span class='ocrx_word' id='word_1_523' title='bbox 1364 3741 1373 3780; x_wconf 77' lang='grc' dir='ltr'><strong>ι</strong></span> <span class='ocrx_word' id='word_1_524' title='bbox 1387 3723 1435 3781; x_wconf 83' lang='lat' dir='ltr'>sed</span> <span class='ocrx_word' id='word_1_525' title='bbox 1452 3737 1526 3794; x_wconf 72' lang='lat' dir='ltr'>sape</span> <span class='ocrx_word' id='word_1_526' title='bbox 1547 3724 1718 3782; x_wconf 84' lang='lat' dir='ltr'>ridemnsea</span> <span class='ocrx_word' id='word_1_527' title='bbox 1740 3739 1805 3797; x_wconf 74' lang='lat' dir='ltr'>qua</span> <span class='ocrx_word' id='word_1_528' title='bbox 1823 3726 1935 3799; x_wconf 74' lang='lat' dir='ltr'>compta·</span> 
     </span>
     <span class='ocr_line' id='line_1_40' title="bbox 288 3816 1937 3897; baseline -0.008 -16"><span class='ocrx_word' id='word_1_529' title='bbox 288 3824 335 3897; x_wconf 82' lang='lat' dir='ltr'>qni</span> <span class='ocrx_word' id='word_1_530' title='bbox 359 3821 599 3882; x_wconf 78' lang='lat' dir='ltr'>mortificationem</span> <span class='ocrx_word' id='word_1_531' title='bbox 628 3819 736 3876; x_wconf 85' lang='lat' dir='ltr'>Domini</span> <span class='ocrx_word' id='word_1_532' title='bbox 757 3817 823 3878; x_wconf 89' lang='lat' dir='ltr'>iesu</span> <span class='ocrx_word' id='word_1_533' title='bbox 846 3816 873 3874; x_wconf 91' lang='lat' dir='ltr'>iu</span> <span class='ocrx_word' id='word_1_534' title='bbox 896 3830 1013 3888; x_wconf 87' lang='lat' dir='ltr'>corpure</span> <span class='ocrx_word' id='word_1_535' title='bbox 1040 3831 1090 3874; x_wconf 92' lang='lat' dir='ltr'>suo</span> <span class='ocrx_word' id='word_1_536' title='bbox 1140 3823 1223 3882; x_wconf 87' lang='lat' dir='ltr'>cent.</span> <span class='ocrx_word' id='word_1_537' title='bbox 1239 3825 1267 3873; x_wconf 93' lang='lat' dir='ltr'>et</span> <span class='ocrx_word' id='word_1_538' title='bbox 1281 3831 1355 3890; x_wconf 79' lang='lat' dir='ltr'>saepe</span> <span class='ocrx_word' id='word_1_539' title='bbox 1375 3831 1437 3888; x_wconf 76' lang='lat' dir='ltr'>qua</span> <span class='ocrx_word' id='word_1_540' title='bbox 1458 3816 1603 3888; x_wconf 76' lang='lat' dir='ltr'>displicent</span> <span class='ocrx_word' id='word_1_541' title='bbox 1616 3836 1625 3879; x_wconf 71' lang='grc' dir='ltr'><strong>ς</strong></span> <span class='ocrx_word' id='word_1_542' title='bbox 1640 3832 1692 3874; x_wconf 90' lang='lat' dir='ltr'>uec</span> <span class='ocrx_word' id='word_1_543' title='bbox 1712 3818 1741 3874; x_wconf 94' lang='lat' dir='ltr'>in</span> <span class='ocrx_word' id='word_1_544' title='bbox 1766 3834 1802 3876; x_wconf 83' lang='lat' dir='ltr'>oo</span> <span class='ocrx_word' id='word_1_545' title='bbox 1817 3822 1890 3878; x_wconf 74' lang='lat' dir='ltr'>ocuti</span> <span class='ocrx_word' id='word_1_546' title='bbox 1902 3828 1937 3878; x_wconf 57' lang='lat' dir='ltr'>ar</span> 
     </span>
     <span class='ocr_line' id='line_1_41' title="bbox 288 3907 1937 3990; baseline -0.011 -16"><span class='ocrx_word' id='word_1_547' title='bbox 288 3926 388 3990; x_wconf 90' lang='lat' dir='ltr'>portat.</span> <span class='ocrx_word' id='word_1_548' title='bbox 406 3915 454 3974; x_wconf 87' lang='lat' dir='ltr'>llis</span> <span class='ocrx_word' id='word_1_549' title='bbox 474 3913 562 3972; x_wconf 85' lang='lat' dir='ltr'>clauis</span> <span class='ocrx_word' id='word_1_550' title='bbox 584 3911 745 3984; x_wconf 87' lang='lat' dir='ltr'>eottllgitur,</span> <span class='ocrx_word' id='word_1_551' title='bbox 762 3913 809 3984; x_wconf 84' lang='lat' dir='ltr'>qui</span> <span class='ocrx_word' id='word_1_552' title='bbox 832 3917 953 3968; x_wconf 89' lang='lat' dir='ltr'>meretur</span> <span class='ocrx_word' id='word_1_553' title='bbox 975 3907 1089 3978; x_wconf 88' lang='lat' dir='ltr'>audire,</span> <span class='ocrx_word' id='word_1_554' title='bbox 1141 3907 1186 3965; x_wconf 87' lang='lat' dir='ltr'>rel</span> <span class='ocrx_word' id='word_1_555' title='bbox 1200 3908 1277 3980; x_wconf 87' lang='lat' dir='ltr'>culpa</span> <span class='ocrx_word' id='word_1_556' title='bbox 1291 3911 1334 3966; x_wconf 82' lang='lat' dir='ltr'>nei</span> <span class='ocrx_word' id='word_1_557' title='bbox 1350 3910 1471 3983; x_wconf 78' lang='lat' dir='ltr'>probitas</span> <span class='ocrx_word' id='word_1_558' title='bbox 1484 3909 1859 3986; x_wconf 74' lang='lat' dir='ltr'>procorumgualitatequae</span> <span class='ocrx_word' id='word_1_559' title='bbox 1870 3913 1937 3970; x_wconf 57' lang='lat' dir='ltr'>vida.</span> 
     </span>
     <span class='ocr_line' id='line_1_42' title="bbox 288 4001 1935 4082; baseline -0.005 -12"><span class='ocrx_word' id='word_1_560' title='bbox 288 4009 488 4070; x_wconf 86' lang='lat' dir='ltr'>dicenteiesn:</span> <span class='ocrx_word' id='word_1_561' title='bbox 505 4009 577 4064; x_wconf 85' lang='lat' dir='ltr'>Pone</span> <span class='ocrx_word' id='word_1_562' title='bbox 591 4023 632 4063; x_wconf 89' lang='lat' dir='ltr'>me</span> <span class='ocrx_word' id='word_1_563' title='bbox 644 4015 673 4062; x_wconf 88' lang='lat' dir='ltr'>nt</span> <span class='ocrx_word' id='word_1_564' title='bbox 685 4005 850 4082; x_wconf 75' lang='lat' dir='ltr'>signaculum</span> <span class='ocrx_word' id='word_1_565' title='bbox 862 4005 890 4060; x_wconf 91' lang='lat' dir='ltr'>a&#39;n</span> <span class='ocrx_word' id='word_1_566' title='bbox 905 4019 949 4060; x_wconf 86' lang='lat' dir='ltr'>cor</span> <span class='ocrx_word' id='word_1_567' title='bbox 962 4013 1047 4073; x_wconf 83' lang='lat' dir='ltr'>taum,</span> <span class='ocrx_word' id='word_1_568' title='bbox 1062 4011 1091 4058; x_wconf 90' lang='lat' dir='ltr'>st</span> <span class='ocrx_word' id='word_1_569' title='bbox 1140 4001 1194 4069; x_wconf 72' lang='lat' dir='ltr'>rit:</span> <span class='ocrx_word' id='word_1_570' title='bbox 1210 4001 1282 4059; x_wconf 91' lang='lat' dir='ltr'>oculi</span> <span class='ocrx_word' id='word_1_571' title='bbox 1302 4011 1347 4059; x_wconf 87' lang='lat' dir='ltr'>est</span> <span class='ocrx_word' id='word_1_572' title='bbox 1360 4002 1432 4060; x_wconf 88' lang='lat' dir='ltr'>enirn</span> <span class='ocrx_word' id='word_1_573' title='bbox 1444 4002 1565 4061; x_wconf 87' lang='lat' dir='ltr'>cilicium</span> <span class='ocrx_word' id='word_1_574' title='bbox 1585 4003 1712 4062; x_wconf 87' lang='lat' dir='ltr'>nuntiare</span> <span class='ocrx_word' id='word_1_575' title='bbox 1736 4005 1814 4078; x_wconf 85' lang='lat' dir='ltr'>quod</span> <span class='ocrx_word' id='word_1_576' title='bbox 1835 4006 1935 4066; x_wconf 76' lang='lat' dir='ltr'>uiderit.</span> 
     </span>
     <span class='ocr_line' id='line_1_43' title="bbox 286 4093 1936 4176; baseline -0.006 -14"><span class='ocrx_word' id='word_1_577' title='bbox 286 4106 403 4176; x_wconf 84' lang='lat' dir='ltr'>aipiiittm</span> <span class='ocrx_word' id='word_1_578' title='bbox 427 4104 453 4159; x_wconf 88' lang='lat' dir='ltr'>in</span> <span class='ocrx_word' id='word_1_579' title='bbox 477 4100 611 4160; x_wconf 76' lang='lat' dir='ltr'>bruelium</span> <span class='ocrx_word' id='word_1_580' title='bbox 635 4110 726 4168; x_wconf 84' lang='lat' dir='ltr'>tsant‚·</span> <span class='ocrx_word' id='word_1_581' title='bbox 738 4101 801 4173; x_wconf 83' lang='lat' dir='ltr'>puio</span> <span class='ocrx_word' id='word_1_582' title='bbox 815 4097 902 4155; x_wconf 85' lang='lat' dir='ltr'>ualido</span> <span class='ocrx_word' id='word_1_583' title='bbox 915 4106 953 4155; x_wconf 87' lang='lat' dir='ltr'>cst</span> <span class='ocrx_word' id='word_1_584' title='bbox 974 4107 1001 4154; x_wconf 87' lang='lat' dir='ltr'>ut</span> <span class='ocrx_word' id='word_1_585' title='bbox 1021 4112 1090 4153; x_wconf 84' lang='lat' dir='ltr'>mors</span> <span class='ocrx_word' id='word_1_586' title='bbox 1142 4093 1191 4152; x_wconf 81' lang='lat' dir='ltr'>Est</span> <span class='ocrx_word' id='word_1_587' title='bbox 1205 4109 1271 4152; x_wconf 89' lang='lat' dir='ltr'>sane</span> <span class='ocrx_word' id='word_1_588' title='bbox 1285 4094 1328 4152; x_wconf 87' lang='lat' dir='ltr'>nei</span> <span class='ocrx_word' id='word_1_589' title='bbox 1340 4093 1445 4152; x_wconf 86' lang='lat' dir='ltr'>ollensa</span> <span class='ocrx_word' id='word_1_590' title='bbox 1458 4095 1501 4153; x_wconf 81' lang='lat' dir='ltr'>sei</span> <span class='ocrx_word' id='word_1_591' title='bbox 1512 4094 1612 4168; x_wconf 79' lang='lat' dir='ltr'>gratia,</span> <span class='ocrx_word' id='word_1_592' title='bbox 1625 4095 1708 4154; x_wconf 85' lang='lat' dir='ltr'>siant</span> <span class='ocrx_word' id='word_1_593' title='bbox 1718 4096 1873 4156; x_wconf 82' lang='lat' dir='ltr'>delectetur</span> <span class='ocrx_word' id='word_1_594' title='bbox 1882 4113 1936 4155; x_wconf 86' lang='lat' dir='ltr'>stra·</span> 
     </span>
     <span class='ocr_line' id='line_1_44' title="bbox 287 4187 1935 4268; baseline -0.013 -14"><span class='ocrx_word' id='word_1_595' title='bbox 287 4199 420 4266; x_wconf 85' lang='lat' dir='ltr'>rlraritas,</span> <span class='ocrx_word' id='word_1_596' title='bbox 437 4197 519 4253; x_wconf 84' lang='lat' dir='ltr'>durna</span> <span class='ocrx_word' id='word_1_597' title='bbox 533 4195 600 4251; x_wconf 84' lang='lat' dir='ltr'>sicut</span> <span class='ocrx_word' id='word_1_598' title='bbox 621 4195 700 4268; x_wconf 72' lang='lat' dir='ltr'>inferi</span> <span class='ocrx_word' id='word_1_599' title='bbox 720 4193 790 4250; x_wconf 81' lang='lat' dir='ltr'>aelus</span> <span class='ocrx_word' id='word_1_600' title='bbox 813 4191 905 4265; x_wconf 80' lang='lat' dir='ltr'>(Cant.</span> <span class='ocrx_word' id='word_1_601' title='bbox 921 4207 980 4260; x_wconf 85' lang='lat' dir='ltr'>utu,</span> <span class='ocrx_word' id='word_1_602' title='bbox 992 4189 1034 4263; x_wconf 84' lang='grc'><strong>6).</strong></span> <span class='ocrx_word' id='word_1_603' title='bbox 1048 4188 1091 4246; x_wconf 91' lang='lat' dir='ltr'>lu-</span> <span class='ocrx_word' id='word_1_604' title='bbox 1141 4187 1241 4258; x_wconf 87' lang='lat' dir='ltr'>ribus,</span> <span class='ocrx_word' id='word_1_605' title='bbox 1254 4198 1303 4246; x_wconf 91' lang='lat' dir='ltr'>aut</span> <span class='ocrx_word' id='word_1_606' title='bbox 1313 4187 1467 4247; x_wconf 79' lang='lat' dir='ltr'>claudatur</span> <span class='ocrx_word' id='word_1_607' title='bbox 1479 4189 1612 4248; x_wconf 82' lang='lat' dir='ltr'>adversis.</span> <span class='ocrx_word' id='word_1_608' title='bbox 1630 4189 1695 4249; x_wconf 91' lang='lat' dir='ltr'>ldeo</span> <span class='ocrx_word' id='word_1_609' title='bbox 1707 4192 1869 4264; x_wconf 80' lang='lat' dir='ltr'>lrcqnentcr</span> <span class='ocrx_word' id='word_1_610' title='bbox 1877 4208 1935 4250; x_wconf 64' lang='grc' dir='ltr'><strong>ω..</strong></span> 
     </span>
     <span class='ocr_line' id='line_1_45' title="bbox 288 4281 1933 4366; baseline -0.006 -19"><span class='ocrx_word' id='word_1_611' title='bbox 288 4291 340 4366; x_wconf 88' lang='lat' dir='ltr'>lige</span> <span class='ocrx_word' id='word_1_612' title='bbox 361 4305 427 4366; x_wconf 93' lang='lat' dir='ltr'>ergo</span> <span class='ocrx_word' id='word_1_613' title='bbox 452 4289 554 4361; x_wconf 79' lang='lat' dir='ltr'>pretori</span> <span class='ocrx_word' id='word_1_614' title='bbox 580 4298 627 4344; x_wconf 91' lang='lat' dir='ltr'>tuo</span> <span class='ocrx_word' id='word_1_615' title='bbox 648 4293 677 4343; x_wconf 90' lang='lat' dir='ltr'>et</span> <span class='ocrx_word' id='word_1_616' title='bbox 696 4285 772 4344; x_wconf 90' lang='lat' dir='ltr'>cordi</span> <span class='ocrx_word' id='word_1_617' title='bbox 785 4295 832 4342; x_wconf 93' lang='lat' dir='ltr'>tuo</span> <span class='ocrx_word' id='word_1_618' title='bbox 853 4286 906 4342; x_wconf 88' lang='lat' dir='ltr'>boe</span> <span class='ocrx_word' id='word_1_619' title='bbox 920 4283 1090 4356; x_wconf 74' lang='lat' dir='ltr'>signaculum</span> <span class='ocrx_word' id='word_1_620' title='bbox 1142 4281 1185 4338; x_wconf 89' lang='lat' dir='ltr'>lus</span> <span class='ocrx_word' id='word_1_621' title='bbox 1198 4281 1395 4354; x_wconf 84' lang='lat' dir='ltr'>suppliciorum</span> <span class='ocrx_word' id='word_1_622' title='bbox 1416 4282 1531 4352; x_wconf 88' lang='lat' dir='ltr'>dicitnr,</span> <span class='ocrx_word' id='word_1_623' title='bbox 1545 4283 1642 4342; x_wconf 86' lang='lat' dir='ltr'>oculus</span> <span class='ocrx_word' id='word_1_624' title='bbox 1655 4285 1933 4352; x_wconf 75' lang='lat' dir='ltr'>tentationis,oeulrs</span> 
     </span>
     <span class='ocr_line' id='line_1_46' title="bbox 288 4375 1934 4454; baseline -0.008 -12"><span class='ocrx_word' id='word_1_625' title='bbox 288 4384 421 4453; x_wconf 81' lang='lat' dir='ltr'>crucifixi,</span> <span class='ocrx_word' id='word_1_626' title='bbox 435 4381 519 4454; x_wconf 83' lang='lat' dir='ltr'>iatlrgc</span> <span class='ocrx_word' id='word_1_627' title='bbox 531 4391 560 4438; x_wconf 91' lang='lat' dir='ltr'>et</span> <span class='ocrx_word' id='word_1_628' title='bbox 571 4376 685 4437; x_wconf 84' lang='lat' dir='ltr'>brachio</span> <span class='ocrx_word' id='word_1_629' title='bbox 701 4385 765 4434; x_wconf 91' lang='lat' dir='ltr'>tuo:</span> <span class='ocrx_word' id='word_1_630' title='bbox 780 4385 811 4433; x_wconf 87' lang='lat' dir='ltr'>ut</span> <span class='ocrx_word' id='word_1_631' title='bbox 821 4390 904 4446; x_wconf 87' lang='lat' dir='ltr'>opera</span> <span class='ocrx_word' id='word_1_632' title='bbox 917 4383 963 4432; x_wconf 92' lang='lat' dir='ltr'>tua</span> <span class='ocrx_word' id='word_1_633' title='bbox 979 4383 1092 4446; x_wconf 89' lang='lat' dir='ltr'>peccatu</span> <span class='ocrx_word' id='word_1_634' title='bbox 1142 4375 1233 4444; x_wconf 79' lang='lat' dir='ltr'>boedi,</span> <span class='ocrx_word' id='word_1_635' title='bbox 1249 4375 1346 4433; x_wconf 90' lang='lat' dir='ltr'>oculus</span> <span class='ocrx_word' id='word_1_636' title='bbox 1356 4376 1466 4446; x_wconf 78' lang='lat' dir='ltr'>situla,</span> <span class='ocrx_word' id='word_1_637' title='bbox 1483 4376 1578 4436; x_wconf 89' lang='lat' dir='ltr'>oculus</span> <span class='ocrx_word' id='word_1_638' title='bbox 1591 4375 1796 4450; x_wconf 82' lang='lat' dir='ltr'>generationis,</span> <span class='ocrx_word' id='word_1_639' title='bbox 1812 4387 1860 4436; x_wconf 88' lang='lat' dir='ltr'>aut</span> <span class='ocrx_word' id='word_1_640' title='bbox 1881 4380 1934 4435; x_wconf 80' lang='lat' dir='ltr'>taus</span> 
     </span>
     <span class='ocr_line' id='line_1_47' title="bbox 290 4466 1336 4539; baseline -0.011 -4"><span class='ocrx_word' id='word_1_641' title='bbox 290 4487 396 4535; x_wconf 91' lang='lat' dir='ltr'>mortua</span> <span class='ocrx_word' id='word_1_642' title='bbox 418 4477 482 4534; x_wconf 91' lang='lat' dir='ltr'>sint.</span> <span class='ocrx_word' id='word_1_643' title='bbox 497 4475 569 4533; x_wconf 85' lang='lat' dir='ltr'>Nihil</span> <span class='ocrx_word' id='word_1_644' title='bbox 587 4475 615 4530; x_wconf 92' lang='lat' dir='ltr'>in</span> <span class='ocrx_word' id='word_1_645' title='bbox 637 4471 680 4528; x_wconf 89' lang='lat' dir='ltr'>bis</span> <span class='ocrx_word' id='word_1_646' title='bbox 701 4470 825 4528; x_wconf 89' lang='lat' dir='ltr'>criminis</span> <span class='ocrx_word' id='word_1_647' title='bbox 838 4469 1003 4536; x_wconf 77' lang='lat' dir='ltr'>reviviscat,</span> <span class='ocrx_word' id='word_1_648' title='bbox 1023 4467 1091 4526; x_wconf 91' lang='lat' dir='ltr'>uibii</span> <span class='ocrx_word' id='word_1_649' title='bbox 1142 4466 1336 4539; x_wconf 88' lang='lat' dir='ltr'>generationis.</span> 
     </span>
     <span class='ocr_line' id='line_1_48' title="bbox 289 4560 1935 4642; baseline -0.005 -15"><span class='ocrx_word' id='word_1_650' title='bbox 289 4572 393 4628; x_wconf 87' lang='lat' dir='ltr'>erroris</span> <span class='ocrx_word' id='word_1_651' title='bbox 405 4577 540 4642; x_wconf 89' lang='lat' dir='ltr'>resurgat.</span> <span class='ocrx_word' id='word_1_652' title='bbox 555 4567 682 4625; x_wconf 79' lang='lat' dir='ltr'>Fortasse</span> <span class='ocrx_word' id='word_1_653' title='bbox 697 4564 768 4622; x_wconf 90' lang='lat' dir='ltr'>bano</span> <span class='ocrx_word' id='word_1_654' title='bbox 781 4563 929 4638; x_wconf 86' lang='lat' dir='ltr'>imaginem</span> <span class='ocrx_word' id='word_1_655' title='bbox 950 4562 1022 4621; x_wconf 86' lang='lat' dir='ltr'>clari</span> <span class='ocrx_word' id='word_1_656' title='bbox 1036 4577 1090 4618; x_wconf 93' lang='lat' dir='ltr'>non</span> <span class='ocrx_word' id='word_1_657' title='bbox 1177 4560 1206 4618; x_wconf 74' lang='lat'>2.</span> <span class='ocrx_word' id='word_1_658' title='bbox 1226 4562 1355 4636; x_wconf 88' lang='lat' dir='ltr'>Legimus</span> <span class='ocrx_word' id='word_1_659' title='bbox 1365 4564 1392 4619; x_wconf 92' lang='lat' dir='ltr'>iu</span> <span class='ocrx_word' id='word_1_660' title='bbox 1405 4563 1554 4637; x_wconf 81' lang='lat' dir='ltr'>Evangelio</span> <span class='ocrx_word' id='word_1_661' title='bbox 1568 4564 1632 4637; x_wconf 82' lang='lat' dir='ltr'>guia</span> <span class='ocrx_word' id='word_1_662' title='bbox 1650 4564 1808 4636; x_wconf 79' lang='lat' dir='ltr'>baptizabat</span> <span class='ocrx_word' id='word_1_663' title='bbox 1825 4565 1935 4624; x_wconf 80' lang='lat' dir='ltr'>loannes</span> 
     </span>
     <span class='ocr_line' id='line_1_49' title="bbox 289 4647 1933 4732; baseline -0.009 -8"><span class='ocrx_word' id='word_1_664' title='bbox 289 4666 379 4724; x_wconf 87' lang='lat' dir='ltr'>solnm</span> <span class='ocrx_word' id='word_1_665' title='bbox 403 4663 526 4729; x_wconf 78' lang='lat' dir='ltr'>sinueris,</span> <span class='ocrx_word' id='word_1_666' title='bbox 542 4660 590 4716; x_wconf 91' lang='lat' dir='ltr'>sed</span> <span class='ocrx_word' id='word_1_667' title='bbox 609 4661 690 4716; x_wconf 89' lang='lat' dir='ltr'>etiam</span> <span class='ocrx_word' id='word_1_668' title='bbox 716 4658 860 4717; x_wconf 87' lang='lat' dir='ltr'>eharitatis</span> <span class='ocrx_word' id='word_1_669' title='bbox 881 4657 1013 4730; x_wconf 90' lang='lat' dir='ltr'>alliguut;</span> <span class='ocrx_word' id='word_1_670' title='bbox 1028 4656 1092 4728; x_wconf 85' lang='lat' dir='ltr'>qnia</span> <span class='ocrx_word' id='word_1_671' title='bbox 1104 4647 1133 4710; x_wconf 85' lang='lat' dir='ltr'>l)</span> <span class='ocrx_word' id='word_1_672' title='bbox 1145 4651 1173 4710; x_wconf 88' lang='lat' dir='ltr'>in</span> <span class='ocrx_word' id='word_1_673' title='bbox 1187 4653 1284 4710; x_wconf 77' lang='lat' dir='ltr'>Eotton</span> <span class='ocrx_word' id='word_1_674' title='bbox 1307 4651 1398 4727; x_wconf 81' lang='lat' dir='ltr'>(loun.</span> <span class='ocrx_word' id='word_1_675' title='bbox 1414 4654 1525 4727; x_wconf 65' lang='grc' dir='ltr'><strong>ιιιιδ).</strong></span> <span class='ocrx_word' id='word_1_676' title='bbox 1551 4655 1648 4713; x_wconf 81' lang='grc' dir='ltr'><strong>Ειιιιοιι</strong></span> <span class='ocrx_word' id='word_1_677' title='bbox 1662 4656 1773 4714; x_wconf 91' lang='lat' dir='ltr'>oonlutu</span> <span class='ocrx_word' id='word_1_678' title='bbox 1792 4657 1933 4732; x_wconf 88' lang='lat' dir='ltr'>supplicio·</span> 
     </span>
     <span class='ocr_line' id='line_1_50' title="bbox 290 4745 1935 4821; baseline -0.004 -9"><span class='ocrx_word' id='word_1_679' title='bbox 290 4757 379 4814; x_wconf 85' lang='lat' dir='ltr'>ualida</span> <span class='ocrx_word' id='word_1_680' title='bbox 395 4765 437 4812; x_wconf 91' lang='lat' dir='ltr'>est</span> <span class='ocrx_word' id='word_1_681' title='bbox 450 4761 479 4810; x_wconf 90' lang='lat' dir='ltr'>ut</span> <span class='ocrx_word' id='word_1_682' title='bbox 493 4766 567 4808; x_wconf 91' lang='lat' dir='ltr'>mors</span> <span class='ocrx_word' id='word_1_683' title='bbox 581 4750 715 4816; x_wconf 88' lang='lat' dir='ltr'>ebaritas,</span> <span class='ocrx_word' id='word_1_684' title='bbox 730 4749 815 4806; x_wconf 79' lang='lat' dir='ltr'>durrus</span> <span class='ocrx_word' id='word_1_685' title='bbox 826 4750 898 4806; x_wconf 88' lang='lat' dir='ltr'>sicrrt</span> <span class='ocrx_word' id='word_1_686' title='bbox 911 4748 990 4806; x_wconf 90' lang='lat' dir='ltr'>inleri</span> <span class='ocrx_word' id='word_1_687' title='bbox 1004 4748 1091 4806; x_wconf 83' lang='lat' dir='ltr'>teins.</span> <span class='ocrx_word' id='word_1_688' title='bbox 1143 4762 1204 4804; x_wconf 89' lang='lat' dir='ltr'>rum</span> <span class='ocrx_word' id='word_1_689' title='bbox 1217 4745 1387 4820; x_wconf 90' lang='lat' dir='ltr'>interpretati</span> <span class='ocrx_word' id='word_1_690' title='bbox 1400 4753 1474 4803; x_wconf 88' lang='lat' dir='ltr'>sunt.</span> <span class='ocrx_word' id='word_1_691' title='bbox 1490 4746 1584 4819; x_wconf 83' lang='lat' dir='ltr'>ltaque</span> <span class='ocrx_word' id='word_1_692' title='bbox 1603 4763 1685 4805; x_wconf 89' lang='lat' dir='ltr'>nemo</span> <span class='ocrx_word' id='word_1_693' title='bbox 1703 4749 1781 4806; x_wconf 83' lang='lat' dir='ltr'>seuit</span> <span class='ocrx_word' id='word_1_694' title='bbox 1792 4749 1828 4807; x_wconf 89' lang='lat' dir='ltr'>ad</span> <span class='ocrx_word' id='word_1_695' title='bbox 1841 4748 1935 4821; x_wconf 88' lang='lat' dir='ltr'>baptis·</span> 
     </span>
     <span class='ocr_line' id='line_1_51' title="bbox 292 4841 1934 4920; baseline -0.007 -12"><span class='ocrx_word' id='word_1_696' title='bbox 292 4851 351 4908; x_wconf 87' lang='lat' dir='ltr'>Non</span> <span class='ocrx_word' id='word_1_697' title='bbox 367 4859 393 4906; x_wconf 91' lang='lat' dir='ltr'>te</span> <span class='ocrx_word' id='word_1_698' title='bbox 409 4863 476 4920; x_wconf 89' lang='lat' dir='ltr'>ergo</span> <span class='ocrx_word' id='word_1_699' title='bbox 490 4842 610 4902; x_wconf 79' lang='lat' dir='ltr'>oderrdat</span> <span class='ocrx_word' id='word_1_700' title='bbox 624 4842 725 4902; x_wconf 89' lang='lat' dir='ltr'>duritia</span> <span class='ocrx_word' id='word_1_701' title='bbox 738 4843 892 4910; x_wconf 85' lang='lat' dir='ltr'>clauorum,</span> <span class='ocrx_word' id='word_1_702' title='bbox 908 4843 971 4915; x_wconf 83' lang='lat' dir='ltr'>qnia</span> <span class='ocrx_word' id='word_1_703' title='bbox 986 4853 1030 4900; x_wconf 89' lang='lat' dir='ltr'>est</span> <span class='ocrx_word' id='word_1_704' title='bbox 1043 4841 1095 4900; x_wconf 91' lang='lat' dir='ltr'>du·</span> <span class='ocrx_word' id='word_1_705' title='bbox 1144 4856 1230 4911; x_wconf 88' lang='lat' dir='ltr'>mum,</span> <span class='ocrx_word' id='word_1_706' title='bbox 1242 4841 1294 4900; x_wconf 89' lang='lat' dir='ltr'>nisi</span> <span class='ocrx_word' id='word_1_707' title='bbox 1308 4841 1353 4915; x_wconf 82' lang='lat' dir='ltr'>qui</span> <span class='ocrx_word' id='word_1_708' title='bbox 1368 4841 1506 4899; x_wconf 88' lang='lat' dir='ltr'>desiderat</span> <span class='ocrx_word' id='word_1_709' title='bbox 1517 4841 1569 4898; x_wconf 89' lang='lat' dir='ltr'>sibi</span> <span class='ocrx_word' id='word_1_710' title='bbox 1578 4841 1687 4914; x_wconf 90' lang='lat' dir='ltr'>propria</span> <span class='ocrx_word' id='word_1_711' title='bbox 1701 4854 1815 4915; x_wconf 87' lang='lat' dir='ltr'>peecata</span> <span class='ocrx_word' id='word_1_712' title='bbox 1828 4842 1934 4907; x_wconf 86' lang='lat' dir='ltr'>dimitti.</span> 
     </span>
     <span class='ocr_line' id='line_1_52' title="bbox 291 4935 1933 5009; baseline -0.006 -6"><span class='ocrx_word' id='word_1_713' title='bbox 291 4946 352 5004; x_wconf 81' lang='lat' dir='ltr'>sitia</span> <span class='ocrx_word' id='word_1_714' title='bbox 374 4941 518 5001; x_wconf 82' lang='lat' dir='ltr'>eharitatis</span> <span class='ocrx_word' id='word_1_715' title='bbox 533 4958 540 4995; x_wconf 80' lang='grc' dir='ltr'><strong>ι</strong></span> <span class='ocrx_word' id='word_1_716' title='bbox 556 4953 607 4996; x_wconf 87' lang='lat' dir='ltr'>nee</span> <span class='ocrx_word' id='word_1_717' title='bbox 624 4937 731 4996; x_wconf 83' lang='lat' dir='ltr'>ualidus</span> <span class='ocrx_word' id='word_1_718' title='bbox 749 4939 888 4996; x_wconf 79' lang='lat' dir='ltr'>clarorum</span> <span class='ocrx_word' id='word_1_719' title='bbox 911 4936 1004 5008; x_wconf 89' lang='lat' dir='ltr'>rigor,</span> <span class='ocrx_word' id='word_1_720' title='bbox 1028 4936 1093 5009; x_wconf 86' lang='lat' dir='ltr'>quia</span> <span class='ocrx_word' id='word_1_721' title='bbox 1143 4950 1259 5007; x_wconf 86' lang='lat' dir='ltr'>qnorum</span> <span class='ocrx_word' id='word_1_722' title='bbox 1282 4936 1415 5009; x_wconf 87' lang='lat' dir='ltr'>supplicia</span> <span class='ocrx_word' id='word_1_723' title='bbox 1429 4935 1513 4992; x_wconf 90' lang='lat' dir='ltr'>eorde</span> <span class='ocrx_word' id='word_1_724' title='bbox 1538 4937 1652 5009; x_wconf 82' lang='lat' dir='ltr'>provido</span> <span class='ocrx_word' id='word_1_725' title='bbox 1670 4936 1874 5009; x_wconf 78' lang='lat' dir='ltr'>perhorreseat</span> <span class='ocrx_word' id='word_1_726' title='bbox 1887 4937 1933 4994; x_wconf 85' lang='lat' dir='ltr'>ita·</span> 
     </span>
     <span class='ocr_line' id='line_1_53' title="bbox 291 5028 1934 5104; baseline -0.009 -9"><span class='ocrx_word' id='word_1_727' title='bbox 291 5037 380 5094; x_wconf 86' lang='lat' dir='ltr'>ualida</span> <span class='ocrx_word' id='word_1_728' title='bbox 392 5043 435 5093; x_wconf 89' lang='lat' dir='ltr'>cst</span> <span class='ocrx_word' id='word_1_729' title='bbox 448 5033 531 5091; x_wconf 87' lang='lat' dir='ltr'>etiam</span> <span class='ocrx_word' id='word_1_730' title='bbox 544 5029 665 5088; x_wconf 86' lang='lat' dir='ltr'>charitas</span> <span class='ocrx_word' id='word_1_731' title='bbox 681 5029 752 5086; x_wconf 88' lang='lat' dir='ltr'>sient</span> <span class='ocrx_word' id='word_1_732' title='bbox 770 5044 854 5086; x_wconf 90' lang='lat' dir='ltr'>mors.</span> <span class='ocrx_word' id='word_1_733' title='bbox 871 5029 997 5087; x_wconf 79' lang='lat' dir='ltr'>ctaaritas</span> <span class='ocrx_word' id='word_1_734' title='bbox 1017 5028 1092 5084; x_wconf 85' lang='lat' dir='ltr'>enirn</span> <span class='ocrx_word' id='word_1_735' title='bbox 1143 5045 1197 5102; x_wconf 85' lang='lat' dir='ltr'>que</span> <span class='ocrx_word' id='word_1_736' title='bbox 1209 5029 1272 5087; x_wconf 91' lang='lat' dir='ltr'>iicet</span> <span class='ocrx_word' id='word_1_737' title='bbox 1295 5028 1391 5086; x_wconf 90' lang='lat' dir='ltr'>oculus</span> <span class='ocrx_word' id='word_1_738' title='bbox 1413 5028 1609 5102; x_wconf 85' lang='lat' dir='ltr'>suppliciorum</span> <span class='ocrx_word' id='word_1_739' title='bbox 1622 5029 1745 5098; x_wconf 77' lang='lat' dir='ltr'>dicatur.</span> <span class='ocrx_word' id='word_1_740' title='bbox 1768 5028 1934 5104; x_wconf 69' lang='lat' dir='ltr'>prandentis</span> 
     </span>
     <span class='ocr_line' id='line_1_54' title="bbox 290 5121 1934 5202; baseline -0.008 -12"><span class='ocrx_word' id='word_1_741' title='bbox 290 5132 398 5202; x_wconf 90' lang='lat' dir='ltr'>eulpam</span> <span class='ocrx_word' id='word_1_742' title='bbox 412 5139 440 5186; x_wconf 86' lang='lat' dir='ltr'>et</span> <span class='ocrx_word' id='word_1_743' title='bbox 452 5127 543 5183; x_wconf 90' lang='lat' dir='ltr'>omnia</span> <span class='ocrx_word' id='word_1_744' title='bbox 568 5135 677 5195; x_wconf 87' lang='lat' dir='ltr'>peccata</span> <span class='ocrx_word' id='word_1_745' title='bbox 701 5121 869 5180; x_wconf 87' lang='lat' dir='ltr'>mortillcat:</span> <span class='ocrx_word' id='word_1_746' title='bbox 888 5121 1009 5178; x_wconf 82' lang='lat' dir='ltr'>charitas</span> <span class='ocrx_word' id='word_1_747' title='bbox 1020 5121 1093 5179; x_wconf 91' lang='lat' dir='ltr'>sicut</span> <span class='ocrx_word' id='word_1_748' title='bbox 1143 5131 1294 5181; x_wconf 88' lang='lat' dir='ltr'>esttamen</span> <span class='ocrx_word' id='word_1_749' title='bbox 1313 5123 1462 5197; x_wconf 86' lang='lat' dir='ltr'>supplicia,</span> <span class='ocrx_word' id='word_1_750' title='bbox 1484 5138 1540 5180; x_wconf 92' lang='lat' dir='ltr'>nou</span> <span class='ocrx_word' id='word_1_751' title='bbox 1559 5122 1721 5180; x_wconf 88' lang='lat' dir='ltr'>sustinentis</span> <span class='ocrx_word' id='word_1_752' title='bbox 1735 5141 1743 5180; x_wconf 79' lang='lat' dir='ltr'>a</span> <span class='ocrx_word' id='word_1_753' title='bbox 1757 5123 1824 5181; x_wconf 87' lang='lat' dir='ltr'>iicet</span> <span class='ocrx_word' id='word_1_754' title='bbox 1841 5123 1934 5195; x_wconf 84' lang='lat' dir='ltr'>baptis·</span> 
     </span>
     <span class='ocr_line' id='line_1_55' title="bbox 291 5213 1932 5290; baseline -0.009 -7"><span class='ocrx_word' id='word_1_755' title='bbox 291 5223 390 5282; x_wconf 85' lang='lat' dir='ltr'>tnortis</span> <span class='ocrx_word' id='word_1_756' title='bbox 405 5222 477 5278; x_wconf 88' lang='lat' dir='ltr'>ictus</span> <span class='ocrx_word' id='word_1_757' title='bbox 488 5217 631 5275; x_wconf 87' lang='lat' dir='ltr'>interimit.</span> <span class='ocrx_word' id='word_1_758' title='bbox 649 5215 770 5288; x_wconf 82' lang='lat' dir='ltr'>lienique</span> <span class='ocrx_word' id='word_1_759' title='bbox 782 5215 914 5272; x_wconf 86' lang='lat' dir='ltr'>morinrur</span> <span class='ocrx_word' id='word_1_760' title='bbox 928 5213 1039 5286; x_wconf 82' lang='lat' dir='ltr'>flagitiis</span> <span class='ocrx_word' id='word_1_761' title='bbox 1050 5221 1093 5270; x_wconf 90' lang='lat' dir='ltr'>at·</span> <span class='ocrx_word' id='word_1_762' title='bbox 1144 5233 1218 5274; x_wconf 89' lang='lat' dir='ltr'>muru</span> <span class='ocrx_word' id='word_1_763' title='bbox 1239 5217 1407 5288; x_wconf 74' lang='lat' dir='ltr'>poenriteutise</span> <span class='ocrx_word' id='word_1_764' title='bbox 1430 5217 1530 5275; x_wconf 91' lang='lat' dir='ltr'>babeat</span> <span class='ocrx_word' id='word_1_765' title='bbox 1549 5216 1667 5290; x_wconf 82' lang='lat' dir='ltr'>aliquam</span> <span class='ocrx_word' id='word_1_766' title='bbox 1696 5217 1731 5276; x_wconf 89' lang='lat' dir='ltr'>de</span> <span class='ocrx_word' id='word_1_767' title='bbox 1747 5217 1932 5290; x_wconf 79' lang='lat' dir='ltr'>suppliciorum</span> 
     </span>
     <span class='ocr_line' id='line_1_56' title="bbox 290 5305 1932 5392; baseline -0.005 -19"><span class='ocrx_word' id='word_1_768' title='bbox 290 5333 344 5392; x_wconf 80' lang='lat' dir='ltr'>quc</span> <span class='ocrx_word' id='word_1_769' title='bbox 357 5320 485 5388; x_wconf 83' lang='lat' dir='ltr'>peccato,</span> <span class='ocrx_word' id='word_1_770' title='bbox 501 5312 566 5369; x_wconf 92' lang='lat' dir='ltr'>dum</span> <span class='ocrx_word' id='word_1_771' title='bbox 591 5309 697 5367; x_wconf 84' lang='lat' dir='ltr'>bomini</span> <span class='ocrx_word' id='word_1_772' title='bbox 713 5307 839 5365; x_wconf 88' lang='lat' dir='ltr'>mandata</span> <span class='ocrx_word' id='word_1_773' title='bbox 858 5305 1007 5379; x_wconf 87' lang='lat' dir='ltr'>diligimus.</span> <span class='ocrx_word' id='word_1_774' title='bbox 1020 5305 1094 5363; x_wconf 87' lang='lat' dir='ltr'>Cba·</span> <span class='ocrx_word' id='word_1_775' title='bbox 1144 5311 1318 5382; x_wconf 83' lang='lat' dir='ltr'>susceptione</span> <span class='ocrx_word' id='word_1_776' title='bbox 1329 5309 1511 5368; x_wconf 88' lang='lat' dir='ltr'>tolerantiam.</span> <span class='ocrx_word' id='word_1_777' title='bbox 1526 5309 1604 5366; x_wconf 80' lang='lat' dir='ltr'>Oculi</span> <span class='ocrx_word' id='word_1_778' title='bbox 1617 5317 1662 5368; x_wconf 92' lang='lat' dir='ltr'>est</span> <span class='ocrx_word' id='word_1_779' title='bbox 1672 5321 1703 5366; x_wconf 92' lang='lat' dir='ltr'>nt</span> <span class='ocrx_word' id='word_1_780' title='bbox 1713 5309 1840 5370; x_wconf 90' lang='lat' dir='ltr'>intuendi</span> <span class='ocrx_word' id='word_1_781' title='bbox 1851 5311 1932 5370; x_wconf 81' lang='lat' dir='ltr'>elicio</span> 
     </span>
     <span class='ocr_line' id='line_1_57' title="bbox 289 5401 1765 5480; baseline -0.012 1"><span class='ocrx_word' id='word_1_782' title='bbox 289 5413 411 5468; x_wconf 77' lang='lat' dir='ltr'>aurea</span> <span class='ocrx_word' id='word_1_783' title='bbox 424 5406 514 5474; x_wconf 74' lang='lat' dir='ltr'>nea,</span> <span class='ocrx_word' id='word_1_784' title='bbox 535 5402 655 5462; x_wconf 73' lang='lat' dir='ltr'>charitas</span> <span class='ocrx_word' id='word_1_785' title='bbox 669 5402 718 5460; x_wconf 77' lang='lat' dir='ltr'>ou</span> <span class='ocrx_word' id='word_1_786' title='bbox 741 5403 854 5460; x_wconf 77' lang='lat' dir='ltr'>terbum</span> <span class='ocrx_word' id='word_1_787' title='bbox 877 5409 939 5471; x_wconf 77' lang='lat' dir='ltr'>est,</span> <span class='ocrx_word' id='word_1_788' title='bbox 957 5401 1030 5474; x_wconf 81' lang='lat' dir='ltr'>tuno</span> <span class='ocrx_word' id='word_1_789' title='bbox 1049 5412 1093 5461; x_wconf 78' lang='lat' dir='ltr'>ess</span> <span class='ocrx_word' id='word_1_790' title='bbox 1144 5407 1382 5480; x_wconf 70' lang='lat' dir='ltr'>tunpturnum</span> <span class='ocrx_word' id='word_1_791' title='bbox 1396 5415 1440 5464; x_wconf 78' lang='lat' dir='ltr'>esa</span> <span class='ocrx_word' id='word_1_792' title='bbox 1453 5403 1765 5479; x_wconf 69' lang='lat' dir='ltr'>earrmqaounteru.</span> 
     </span>
    </p>
   </div>
   <div class='ocr_carea' id='block_1_6' title="bbox 289 5563 1931 5862">
    <p class='ocr_par' dir='ltr' id='par_1_8' title="bbox 289 5563 1931 5862">
     <span class='ocr_line' id='line_1_58' title="bbox 325 5563 1458 5638; baseline -0.006 -7"><span class='ocrx_word' id='word_1_793' title='bbox 325 5583 338 5613; x_wconf 64' lang='grc' dir='ltr'><strong>ι</strong></span> <span class='ocrx_word' id='word_1_794' title='bbox 351 5573 514 5636; x_wconf 72' lang='lat' dir='ltr'>Ostensa,</span> <span class='ocrx_word' id='word_1_795' title='bbox 528 5564 683 5638; x_wconf 82' lang='lat' dir='ltr'>serpentinis</span> <span class='ocrx_word' id='word_1_796' title='bbox 700 5581 729 5621; x_wconf 89' lang='lat' dir='ltr'>ae</span> <span class='ocrx_word' id='word_1_797' title='bbox 745 5564 837 5637; x_wconf 74' lang='lat' dir='ltr'>[undat</span> <span class='ocrx_word' id='word_1_798' title='bbox 853 5564 993 5622; x_wconf 80' lang='lat' dir='ltr'>radicibus.</span> <span class='ocrx_word' id='word_1_799' title='bbox 1009 5563 1088 5623; x_wconf 83' lang='lat' dir='ltr'>Toti-</span> <span class='ocrx_word' id='word_1_800' title='bbox 1142 5567 1213 5626; x_wconf 89' lang='lat' dir='ltr'>inlra</span> <span class='ocrx_word' id='word_1_801' title='bbox 1226 5568 1254 5625; x_wconf 92' lang='lat' dir='ltr'>iu</span> <span class='ocrx_word' id='word_1_802' title='bbox 1267 5567 1334 5624; x_wconf 80' lang='lat' dir='ltr'>Luto.</span> <span class='ocrx_word' id='word_1_803' title='bbox 1348 5584 1386 5636; x_wconf 87' lang='grc' dir='ltr'>ιι,</span> <span class='ocrx_word' id='word_1_804' title='bbox 1397 5568 1458 5633; x_wconf 64' lang='lat' dir='ltr'>st„</span> 
     </span>
     <span class='ocr_line' id='line_1_59' title="bbox 291 5637 1931 5711; baseline -0.024 -7"><span class='ocrx_word' id='word_1_805' title='bbox 291 5646 352 5704; x_wconf 86' lang='lat' dir='ltr'>dem</span> <span class='ocrx_word' id='word_1_806' title='bbox 367 5645 435 5711; x_wconf 90' lang='lat' dir='ltr'>alil,</span> <span class='ocrx_word' id='word_1_807' title='bbox 449 5649 481 5699; x_wconf 91' lang='lat' dir='ltr'>et</span> <span class='ocrx_word' id='word_1_808' title='bbox 489 5648 596 5697; x_wconf 85' lang='lat' dir='ltr'>cunctae</span> <span class='ocrx_word' id='word_1_809' title='bbox 609 5637 676 5693; x_wconf 84' lang='lat' dir='ltr'>edit.</span> <span class='ocrx_word' id='word_1_810' title='bbox 689 5637 768 5694; x_wconf 87' lang='lat' dir='ltr'>uobis</span> <span class='ocrx_word' id='word_1_811' title='bbox 780 5647 942 5708; x_wconf 88' lang='lat' dir='ltr'>congruunt.</span> <span class='ocrx_word' id='word_1_812' title='bbox 1179 5653 1190 5681; x_wconf 73' lang='lat' dir='ltr'>e</span> <span class='ocrx_word' id='word_1_813' title='bbox 1206 5641 1251 5697; x_wconf 58' lang='lat' dir='ltr'>spe</span> <span class='ocrx_word' id='word_1_814' title='bbox 1263 5653 1359 5696; x_wconf 55' lang='lat' dir='ltr'>omnes</span> <span class='ocrx_word' id='word_1_815' title='bbox 1369 5656 1435 5699; x_wconf 44' lang='lat' dir='ltr'>mu·</span> <span class='ocrx_word' id='word_1_816' title='bbox 1450 5639 1551 5700; x_wconf 60' lang='lat' dir='ltr'>Com„</span> <span class='ocrx_word' id='word_1_817' title='bbox 1576 5655 1642 5700; x_wconf 58' lang='lat' dir='ltr'>„em</span> <span class='ocrx_word' id='word_1_818' title='bbox 1655 5641 1735 5710; x_wconf 46' lang='lat'>0432„</span> <span class='ocrx_word' id='word_1_819' title='bbox 1749 5641 1833 5704; x_wconf 54' lang='lat' dir='ltr'>omo</span> <span class='ocrx_word' id='word_1_820' title='bbox 1844 5645 1931 5700; x_wconf 54' lang='lat' dir='ltr'>„m</span> 
     </span>
     <span class='ocr_line' id='line_1_60' title="bbox 326 5706 1846 5780; baseline -0.013 -6"><span class='ocrx_word' id='word_1_821' title='bbox 326 5717 448 5774; x_wconf 78' lang='lat' dir='ltr'>bPetrus</span> <span class='ocrx_word' id='word_1_822' title='bbox 470 5711 590 5778; x_wconf 85' lang='lat' dir='ltr'>scilieet,</span> <span class='ocrx_word' id='word_1_823' title='bbox 602 5706 720 5766; x_wconf 85' lang='lat' dir='ltr'>lacobus</span> <span class='ocrx_word' id='word_1_824' title='bbox 734 5715 763 5766; x_wconf 88' lang='lat' dir='ltr'>ei</span> <span class='ocrx_word' id='word_1_825' title='bbox 782 5706 916 5776; x_wconf 86' lang='lat' dir='ltr'>loannes,</span> <span class='ocrx_word' id='word_1_826' title='bbox 929 5709 975 5780; x_wconf 80' lang='lat' dir='ltr'>qui</span> <span class='ocrx_word' id='word_1_827' title='bbox 987 5707 1088 5766; x_wconf 86' lang='lat' dir='ltr'>Christi</span> <span class='ocrx_word' id='word_1_828' title='bbox 1140 5711 1246 5769; x_wconf 83' lang='lat' dir='ltr'>uidendi</span> <span class='ocrx_word' id='word_1_829' title='bbox 1258 5726 1372 5767; x_wconf 75' lang='lat' dir='ltr'>manne.</span> <span class='ocrx_word' id='word_1_830' title='bbox 1834 5720 1846 5728; x_wconf 90' lang='lat'>··</span> 
     </span>
     <span class='ocr_line' id='line_1_61' title="bbox 289 5779 1089 5862; baseline -0.013 -14"><span class='ocrx_word' id='word_1_831' title='bbox 289 5783 530 5862; x_wconf 76' lang='lat' dir='ltr'>Transliguratinni</span> <span class='ocrx_word' id='word_1_832' title='bbox 554 5779 725 5852; x_wconf 81' lang='lat' dir='ltr'>interfuere,</span> <span class='ocrx_word' id='word_1_833' title='bbox 750 5786 780 5837; x_wconf 92' lang='lat' dir='ltr'>ut</span> <span class='ocrx_word' id='word_1_834' title='bbox 809 5779 914 5853; x_wconf 88' lang='lat' dir='ltr'>plenius</span> <span class='ocrx_word' id='word_1_835' title='bbox 936 5779 1089 5854; x_wconf 79' lang='lat' dir='ltr'>explicatur</span> 
     </span>
    </p>
   </div>
   <div class='ocr_carea' id='block_1_7' title="bbox 0 0 2042 6359">
    <p class='ocr_par' dir='ltr' id='par_1_9' title="bbox 0 0 2042 6359">
     <span class='ocr_line' id='line_1_62' title="bbox 0 0 2042 6359; baseline 0 0"><span class='ocrx_word' id='word_1_836' title='bbox 0 0 2042 6359; x_wconf 95' lang='lat' dir='ltr'> </span> 
     </span>
    </p>
   </div>
  </div>
 </body>
</html>
