4075 6359
99 312 169 371 teti
641 306 675 364 tlt
694 304 860 367 metuunt
878 305 986 367 cxtttt
1006 306 1201 369 Exrusttro.
1678 312 1750 371 tait

98 435 157 483 tum
171 426 314 484 maneret?
336 424 394 483 Non
409 424 502 496 utique
515 423 639 481 extranei
661 423 847 493 maledictum,
872 434 899 481 et
911 432 938 491 Α
952 426 1094 492 salomon,
1107 430 1155 501 qni
1167 437 1225 485 toto
1237 426 1333 499 spiritu
1350 425 1518 497 inquirendae
1545 430 1692 501 cognitioni
1707 431 1751 486 di·

99 518 147 575 dlii
173 518 344 590 patricidium
367 532 444 589 acqua
467 528 541 574 esset
560 517 639 575 lance
662 517 841 588 petasandum.
868 519 901 575 lit
950 518 1071 577 vinitatis
1082 521 1274 588 intenderent;
1295 536 1329 577 ιιι
1340 521 1489 591 psallentes
1506 521 1635 580 deessent
1655 523 1750 580 Eccle-

99 612 203 669 addidit
218 630 224 666 :
238 610 302 669 Sine
327 611 403 667 illurn
424 610 604 674 maledicere:
628 610 751 681 qnoniam
778 610 844 665 diaa't
860 609 901 666 illi
949 612 1080 679 simsuae,
1096 629 1212 685 quorum
1234 624 1315 671 cantu
1334 629 1449 685 nequam
1474 614 1587 686 spiritua
1608 616 1750 688 tngntetnt

100 706 238 771 dominas,
252 706 333 761 doner
345 704 430 761 aldem
445 703 613 760 bumilitatem
624 718 717 771 areant,
742 710 767 758 et
776 701 901 759 retribuat
949 702 985 779 (ll
997 703 1091 761 Parni.
1108 720 1135 772 a,
1150 707 1197 777 ld)
1212 722 1219 760 :
1234 707 1305 763 sieut
1318 704 1403 763 liarid
1418 706 1504 762 sancti
1514 706 1644 763 ducemur
1657 722 1752 763 exent-

100 799 164 853 nriln'
181 798 309 855 llomt'tttts
324 797 391 854 iona
404 814 453 870 pra
463 796 600 853 maledicto
614 793 711 869 (lite,
726 795 784 868 ii).
811 795 861 851 list
874 804 902 853 et
952 797 1006 869 plo,
1019 812 1075 870 quo
1088 798 1231 869 psallente,
1246 799 1332 855 malus
1352 798 1399 855 ille
1421 798 1532 869 spiritus
1551 797 1749 867 expellebatur,

98 890 428 964 aliudjustipropositum
444 891 524 963 lenge
549 888 674 946 omnibus
698 886 845 961 perfectius
873 897 902 946 et
950 890 996 962 qui
1006 889 1073 947 Saul
1084 890 1156 962 regis
1165 889 1247 947 corda
1262 888 1420 964 reneberti
1439 890 1506 963 lieg.
1522 904 1578 955 rvr,
1601 888 1659 961 ιδ).
1684 888 1752 946 Pro-

100 990 251 1060 parentius,
268 985 436 1044 intervenire
448 999 499 1057 pro
518 984 754 1058 persequentibus,
776 992 804 1041 et
817 998 900 1041 excu-
950 980 1160 1055 pbetaequoque
1180 991 1211 1039 ut
1236 982 1446 1055 prophetarent,
1477 982 1609 1052 psallendi
1633 982 1751 1053 peritum

99 1096 164 1137 sare
174 1088 319 1151 peccantes
332 1097 340 1136 a
353 1078 425 1151 quod
441 1078 555 1150 legimus
569 1078 595 1133 in
610 1076 773 1147 Evangelio,
792 1076 901 1134 dicente
947 1076 1081 1149 jubebant
1093 1076 1219 1148 psallere,
1233 1089 1288 1148 quo
1298 1075 1375 1131 suari
1394 1075 1507 1132 invitata
1526 1074 1671 1133 dulcedine
1698 1074 1754 1147 spi-

100 1172 216 1229 lintnino
228 1171 295 1229 iesu
307 1186 370 1229 eunt
384 1169 638 1227 crucidrusesseta
652 1167 786 1241 pertidia:
806 1165 900 1235 Pater,
949 1171 1039 1229 ritalis
1052 1171 1339 1243 intendereturgratia
1364 1170 1416 1244 (lv
1437 1170 1504 1243 licq.
1529 1187 1569 1239 tn,
1593 1172 1651 1243 lt).
1671 1171 1708 1227 Et
1726 1172 1754 1226 in

99 1265 201 1321 ‘illidii‘
219 1266 298 1331 liiii:
325 1280 377 1321 tivit
401 1266 471 1319 erum
493 1262 581 1319 artant
604 1262 667 1333 qnid
694 1261 795 1333 saciant
823 1258 900 1333 (aaa.
951 1265 1103 1337 Evangelio
1115 1266 1231 1339 legimus
1244 1266 1272 1323 in
1282 1264 1365 1322 domo
1377 1264 1463 1337 patris
1478 1264 1551 1320 illias
1565 1264 1649 1321 ilium
1675 1279 1755 1320 recu-

102 1358 255 1430 nunniti).
951 1361 1073 1430 perantia
1088 1359 1286 1431 praecrepuisse
1307 1358 1509 1431 symphoniam,
1535 1371 1588 1427 qua
1611 1357 1756 1425 epulantes

135 1453 181 1509 il.
194 1451 436 1527 biquetigitarltis
449 1449 612 1525 magisteriis
626 1446 900 1513 contristarentur..
951 1450 1160 1508 delectabantur
1182 1450 1293 1519 ddeles,
1322 1450 1442 1523 pertidus
1462 1459 1554 1506 autent
1580 1451 1756 1521 impatienter

101 1545 173 1617 quod
186 1544 319 1618 justusne
332 1559 461 1602 accusare
486 1543 573 1611 malit,
600 1557 681 1615 quam
707 1542 789 1598 alium
810 1539 902 1597 delur·
952 1544 1082 1603 audiebat
1095 1543 1173 1620 (tte.
1190 1560 1237 1613 rr,
1252 1545 1311 1619 28).
1329 1544 1516 1619 liuteisigitur
1540 1553 1583 1603 eat
1607 1546 1753 1615 cantilena,

102 1655 189 1697 mare.
204 1640 327 1712 lienique
341 1640 375 1697 de
388 1638 507 1710 lusepb,
522 1638 566 1695 cui
581 1638 746 1710 desponsata
772 1646 832 1693 erat
845 1632 901 1691 ila·
952 1652 1012 1711 quat
1028 1653 1083 1695 non
1098 1654 1199 1711 carpus
1212 1638 1363 1709 edentinat,
1378 1639 1428 1696 sed
1439 1648 1559 1698 mentun
1577 1643 1757 1711 animumque

101 1732 141 1791 ria
156 1744 242 1789 mater
256 1733 377 1800 batruini,
392 1733 525 1804 scriptura
540 1731 664 1803 estquod
680 1745 741 1787 cum
757 1742 817 1785 eam
839 1742 901 1800 gra·
952 1730 1108 1788 eondrmat.
1124 1732 1393 1806 ideoqneeanticum
1407 1734 1509 1794 dicitur
1528 1735 1639 1793 iiontini
1664 1736 1758 1794 'lesta-

100 1842 160 1885 ttem
176 1833 254 1884 utero
278 1825 402 1894 vidisset,
430 1840 491 1882 cunt
509 1834 582 1881 esset
601 1823 706 1893 justus,
734 1820 820 1878 nnlnit
841 1834 901 1876 earu
916 1836 941 1899 B
954 1832 1102 1893 mentum;
1126 1828 1189 1900 quia
1206 1830 1398 1891 remissionem
1420 1838 1543 1895 omnium
1569 1856 1759 1922 peccatoram,

100 1920 245 1978 traducere
261 1919 368 1994 (llattit.
383 1936 404 1987 t,
425 1918 495 1992 ti);
524 1927 553 1975 et
572 1916 666 1989 utique
694 1914 799 1971 nullum
814 1912 905 1970 adbuc
956 1916 1120 1994 liemiaique
1139 1920 1263 1994 justitias
1285 1925 1312 1981 itt
1337 1928 1488 2001 scripturis
1518 1935 1659 2011 Evangelii
1683 1945 1763 2003 suavi

102 2018 227 2076 anteierat
239 2019 390 2076 oraculum.
404 2017 443 2074 lta
456 2031 511 2073 uon
536 2014 624 2071 solum
646 2013 682 2069 ab
697 2011 808 2069 ultionis
830 2019 905 2067 atto·
955 2012 1057 2069 utentis
1068 2016 1254 2075 exsultatione
1268 2022 1449 2082 concinimus.
1461 2024 1524 2099 lpse
1545 2046 1654 2104 quoque
1667 2036 1762 2095 liutai·
1882 2057 1896 2081 ··
1912 2042 1916 2049 '

101 2112 194 2178 citare,
210 2112 257 2169 sed
272 2112 355 2168 etiam
369 2111 405 2167 ab
419 2110 604 2169 accusationis
627 2107 773 2165 severitate
788 2120 906 2177 persona
956 2119 1008 2161 uus
1023 2120 1077 2162 non
1092 2107 1257 2182 dedignatus
1265 2123 1308 2171 est
1320 2115 1413 2175 dicere
1428 2138 1435 2176 :
1452 2118 1619 2183 Ganranirnna
1632 2130 1715 2201 aaut,
1734 2144 1761 2191 et

98 2203 166 2277 juset
182 2206 270 2263 tiana
283 2212 347 2263 ast:
363 2204 508 2277 potiusque
519 2200 594 2259 ducit
619 2214 696 2257 suant
712 2198 904 2256 remissionem
957 2217 1008 2257 nan
1020 2203 1135 2261 tattaadr
1148 2204 1226 2280 (tte.
1239 2225 1288 2277 atr,
1301 2211 1361 2287 32).
1376 2214 1505 2275 cantatio
1519 2224 1598 2280 nobis
1618 2228 1647 2283 in
1668 2229 1762 2288 Etan-

101 2300 237 2368 aceusari,
250 2300 324 2373 quod
335 2309 349 2338 ¹
364 2314 419 2356 nan
435 2297 608 2365 indicaverit,
624 2310 704 2369 quant
720 2294 838 2352 alietrum
852 2291 907 2349 cri·
955 2295 1027 2367 gelio
1041 2298 1149 2355 nettiarn
1160 2301 1323 2361 delictorum
1341 2324 1348 2364 :
1363 2309 1518 2371 debuerant
1529 2315 1618 2375 indat
1642 2332 1763 2381 mentem

102 2408 166 2451 men
182 2408 290 2465 urgere.
303 2392 358 2451 Sed
368 2392 444 2449 dices
457 2410 465 2447 a
479 2389 623 2460 Quomodo
641 2388 710 2445 dixit
725 2388 783 2460 ipse
799 2386 903 2443 iiatid:
955 2389 1083 2449 attollere
1094 2406 1148 2449 nen
1160 2392 1321 2456 histrionico
1335 2406 1460 2474 corporis
1479 2418 1573 2477 motu,
1599 2413 1649 2471 sed
1663 2430 1761 2477 sancto

103 2483 252 2541 eptaticus
273 2485 362 2559 justat
387 2500 446 2539 cunr
477 2482 570 2539 aiderd
595 2481 737 2537 uindictam
766 2480 907 2553 impioram
956 2479 1073 2555 Spiritu.
1086 2484 1147 2543 Non
1160 2487 1296 2560 iecerunt,
1318 2493 1381 2551 ideo
1399 2500 1649 2569 reprehenduntur.

103 2576 193 2649 (Parti.
210 2594 273 2645 ιιιι,
294 2578 365 2650 llil
392 2576 457 2633 ilibi
470 2576 578 2633 ridetur
603 2575 666 2647 quia
695 2576 814 2641 laetetur,
834 2572 907 2645 quud
992 2574 1039 2633 2¹1.
1061 2579 1116 2638 Sed
1129 2583 1212 2639 etiam
1225 2596 1253 2641 et
1267 2588 1422 2658 carpensi
1442 2594 1554 2653 saltatio
1577 2600 1606 2655 in
1628 2600 1762 2663 bonorem

103 2670 164 2743 ips,
174 2672 304 2739 msera,
318 2686 372 2727 120„
387 2672 450 2742 quin
463 2670 539 2741 impii
563 2668 721 2742 puniantur.
746 2667 908 2736 Qaaeramns
958 2668 1009 2726 liei
1021 2670 1168 2729 laudabilis
1178 2673 1305 2733 babetur.
1319 2678 1444 2752 lienique
1468 2687 1578 2745 saltarit
1591 2690 1676 2748 liarid
1698 2707 1764 2755 ante

103 2761 251 2831 aliudjusti
263 2764 434 2833 propositum
444 2778 477 2819 er
488 2761 674 2834 sequentibus.
785 2754 792 2769 '
959 2776 1050 2822 arcam
1064 2766 1227 2834 banniator
1241 2770 1309 2827 cidit
1322 2787 1385 2830 eun
1398 2775 1499 2836 iiicbol
1512 2780 1565 2837 lilia
1582 2785 1648 2842 sant
1659 2790 1766 2848 saltan-

140 2850 188 2909 25.
209 2852 304 2926 (vers.
316 2851 378 2925 bl.)
390 2854 485 2924 ltaque
495 2852 580 2910 dicit:
597 2851 746 2909 dentaliter
759 2850 823 2906 milti
838 2857 910 2907 erant
959 2866 1028 2927 tam,
1040 2866 1069 2915 ιι
1081 2862 1279 2931 percutientem
1294 2876 1306 2907 t
1331 2866 1359 2925 in
1380 2874 1491 2943 organis
1513 2874 1710 2943 harmonizatis
1736 2887 1765 2944 in

104 2944 308 3015 iustificationes
322 2955 374 3001 tan
387 2946 414 3001 in
430 2946 487 3001 leco
497 2944 715 3017 peregrinationis
728 2958 802 2999 ntem.
813 2941 911 3001 dictita
959 2960 1108 3025 conspecta
1123 2954 1241 3026 liomirti,
1253 2960 1330 3016 etait
1344 2962 1377 3018 ad
1389 2978 1463 3035 cunr,
1480 2978 1657 3044 posteaquam
1674 2992 1706 3035 se
1717 2979 1766 3037 dc-

105 3037 376 3109 peregrinatianibtrs
388 3053 443 3095 nan
460 3037 646 3111 lraugebatur,
672 3036 804 3109 superbos
825 3034 910 3092 decli·
960 3058 1035 3100 mnnr
1047 3046 1169 3117 recepit:
1183 3047 1253 3115 Quid
1267 3053 1550 3129 trtiqneironorr'ficnrar
1562 3075 1601 3120 eat
1613 3068 1767 3140 reclamet·

104 3130 198 3198 nabat,
213 3145 364 3203 earumque
388 3134 526 3204 prosperis
547 3130 719 3189 successibus
737 3144 792 3187 non
815 3142 910 3185 more·
959 3138 1023 3209 quin
1036 3139 1183 3198 denudatae
1194 3154 1234 3201 ιιι
1246 3146 1325 3203 indie
1338 3150 1366 3203 in
1389 3153 1472 3209 acatia
1487 3158 1633 3226 pnettnranr
1658 3182 1766 3223 marana

102 3224 196 3281 batur.
206 3223 406 3283 consulabatur
415 3241 446 3284 se
456 3226 483 3282 irt
494 3224 605 3297 judiciis
617 3224 783 3293 scelestibus,
802 3223 944 3296 10520
960 3233 1128 3314 amitterent,
1142 3237 1209 3293 sirati
1221 3255 1290 3295 anat
1302 3258 1334 3297 ec
1344 3244 1535 3306 miratoribus?
1549 3252 1583 3309 Et
1598 3252 1666 3313 dixit
1681 3259 1765 3318 liarid

102 3318 260 3390 angebatur
272 3320 301 3376 itt
324 3318 422 3376 alienis
438 3318 576 3391 peccatis;
602 3318 665 3391 quia
692 3318 842 3377 cantabiles
863 3316 912 3373 ba·
960 3324 1020 3385 dad
1031 3329 1132 3387 llicbol
1147 3332 1174 3388 in
1187 3346 1336 3406 conspectu
1351 3337 1477 3397 liornini:
1503 3344 1659 3408 denedietnt
1673 3353 1765 3412 bond-

102 3412 188 3470 laebat
198 3411 409 3486 justificationes
423 3413 482 3470 liei.
495 3414 562 3481 Quat
575 3413 648 3471 enirn
675 3412 747 3470 bene
776 3422 912 3480 tenemus,
960 3422 1068 3490 arrrqtti
1081 3422 1158 3496 elegit
1171 3440 1213 3480 nte
1226 3443 1303 3501 saper
1316 3440 1416 3502 patrem
1429 3444 1511 3503 taam,
1527 3450 1552 3494 et
1574 3458 1767 3515 superenatent

103 3510 421 3567 eantareconsaerimus
434 3526 441 3563 :
453 3518 481 3567 et
492 3523 555 3581 qum
575 3516 730 3579 cantantur,
749 3509 847 3567 melias
862 3522 913 3565 no·
961 3511 1068 3569 domant
1080 3514 1153 3571 illlata
1167 3520 1324 3578 contorsere
1342 3524 1371 3579 in
1396 3528 1540 3600 principem
1568 3551 1647 3605 saper
1665 3541 1766 3613 ptetrenr

103 3600 461 3661 strisadbaeretrttettsibus.
474 3601 533 3660 Nota
545 3602 617 3659 enim
628 3601 810 3675 perlucetorie
823 3610 911 3657 traus-
961 3622 1036 3663 ruant
1046 3606 1133 3666 lsrael
1144 3621 1169 3666 et
1182 3611 1306 3673 ludant:
1322 3615 1423 3674 saltabo
1442 3622 1471 3677 t'n
1495 3639 1632 3697 cartapecta
1646 3630 1765 3704 Domini,

102 3706 202 3749 earntts
221 3707 285 3765 quae
302 3691 417 3766 legimus
430 3710 438 3762 ;
453 3702 483 3750 ut
495 3704 559 3752 tunc
570 3702 675 3751 tantum
701 3708 763 3750 cunt
793 3691 911 3764 legimus
961 3700 1341 3777 translatumesse
1354 3726 1399 3767 ern
1413 3729 1501 3788 napae
1514 3717 1541 3772 in
1553 3736 1693 3795 conspectat
1708 3738 1763 3797 tata,

103 3802 149 3855 ea,
164 3788 192 3844 in
207 3790 369 3847 memoriam
382 3805 478 3848 eorum
491 3790 583 3848 redire
593 3790 752 3848 videamur:
767 3788 909 3846 sedetiam
961 3801 985 3848 et
996 3808 1057 3849 cant
1071 3796 1166 3865 paettit
1180 3815 1238 3854 cant
1250 3800 1343 3871 qaiittt
1357 3803 1447 3861 disiaci
1462 3824 1503 3862 nte
1526 3812 1665 3885 nudarant,
1685 3822 1768 3891 ptari-

103 3897 168 3939 cum
181 3883 264 3941 ,pepp
278 3884 365 3942 gode,
376 3886 513 3953 maninus,
536 3894 672 3959 tamqnam
686 3884 834 3943 animantia
849 3898 911 3957 qum.
959 3886 1069 3957 ficator.
1085 3889 1120 3945 li't
1132 3889 1242 3959 iliram,
1259 3894 1362 3965 inquit,
1376 3897 1440 3966 filiae
1461 3900 1529 3957 Sani
1548 3921 1600 3961 non
1622 3920 1678 3965 erat
1693 3916 1765 3981 filias

103 3975 260 4047 probantur
273 3985 301 4035 et
314 3978 413 4035 munda
425 3978 559 4037 habentur
572 3980 598 4035 in
613 3978 787 4053 legentium
802 3978 911 4051 quando
961 3982 1153 4051 usqueindt'ent
1162 3986 1358 4061 mordrejtrtssl
1369 3988 1635 4071 depraedantem).
1648 4005 1767 4063 Eridcns

104 4088 160 4130 uon
173 4083 327 4145 pascuntur
341 4074 480 4131 ruminare
492 4082 703 4139 consueverunt,
726 4088 761 4129 ea
785 4070 912 4142 sernetip·
962 4072 1056 4144 itaque
1068 4076 1224 4146 exemplam
1244 4080 1316 4149 quod
1328 4089 1358 4137 et
1372 4082 1478 4156 1053
1492 4087 1625 4162 Proplteta
1642 4097 1687 4164 qui
1703 4115 1766 4169 per-

103 4166 143 4223 sis
153 4165 288 4224 alimenta
302 4165 355 4223 sibi
367 4166 507 4223 recondita
522 4164 708 4237 proferentia:
724 4163 761 4220 ita
771 4169 800 4219 et
813 4176 864 4219 nos
878 4161 912 4219 de
962 4166 1083 4225 ctttiebat
1108 4168 1136 4223 in
1160 4170 1280 4241 organis,
1294 4181 1325 4229 et
1336 4175 1445 4231 saltarit
1455 4189 1519 4235 ante
1538 4196 1630 4242 arcam
1646 4188 1763 4261 bamini,

103 4260 366 4318 nostraememariar
389 4258 534 4327 thesauro,
554 4258 590 4315 de
611 4257 788 4315 interioribus
810 4254 912 4312 nestris
958 4258 1125 4332 instillemus
1139 4272 1200 4321 est:
1213 4272 1242 4321 et
1253 4264 1300 4321 illa
1310 4282 1372 4339 quse
1382 4270 1560 4341 reprehendit
1576 4293 1650 4349 eum,
1665 4287 1767 4344 sterili-

104 4353 307 4411 auminandum
331 4350 410 4408 nabis
438 4351 564 4424 pabnlutn
598 4350 720 4422 spiritale
743 4364 910 4423 promaraus.
961 4360 1018 4411 tate
1030 4355 1157 4413 damnata
1171 4366 1222 4414 est.

103 4448 206 4522 liytnni
221 4446 314 4516 uobis,
325 4444 459 4505 canticum
471 4446 560 4516 nubis,
574 4446 671 4517 psalmi
683 4444 763 4503 nobis
778 4444 912 4517 justifica·
996 4448 1044 4506 28.
1063 4449 1117 4508 Sed
1135 4466 1189 4508 nan
1203 4453 1270 4509 satis
1292 4463 1335 4511 est
1346 4462 1378 4512 ut
1391 4456 1490 4531 aliquis
1502 4464 1651 4527 cantabiles
1665 4469 1765 4535 babeat

103 4541 196 4597 tiones
210 4539 323 4598 liontini
339 4540 405 4595 sittt.
424 4539 575 4597 Psallamus
597 4538 705 4610 spirita,
720 4537 870 4609 psallamus
884 4545 913 4594 et
957 4541 1168 4615 justitieatianes
1181 4546 1245 4613 liei,
1267 4547 1318 4603 nisi
1332 4559 1504 4610 terrenarum
1516 4568 1600 4615 estrat
1611 4576 1643 4620 se
1653 4570 1765 4629 serritio

102 4644 198 4692 mente
210 4649 218 4700 ;
235 4632 305 4689 nesi
317 4630 394 4688 obliti
409 4631 549 4709 fuerimus,
563 4632 592 4688 irr
606 4643 729 4703 tempere
739 4630 911 4689 necessitatis
921 4656 950 4718 Ι)
961 4635 1188 4693 sollicitudinum.
1210 4637 1328 4710 ideoque
1341 4640 1465 4699 addidit:
1481 4644 1517 4702 ln
1535 4650 1593 4707 taen
1613 4660 1765 4730 ,term-„g

103 4730 213 4787 dicatur
244 4727 393 4799 unicnique
431 4737 554 4786 nostrum
581 4744 598 4813 t¹
621 4725 744 4799 dijrcirti
781 4741 911 4783 ammenta
964 4731 1043 4786 tinnit
1057 4746 1121 4787 rneoe
1135 4728 1223 4805 (Paci.
1238 4747 1353 4801 axtrrtt,
1368 4734 1430 4807 id).
1451 4736 1665 4817 cnttt·0..p,pgp3
1680 4754 1766 4825 siqui,

103 4840 175 4879 ttteas
191 4831 251 4895 potr
261 4818 385 4895 te(l'aai.
406 4836 477 4887 aux,
493 4820 547 4895 li).
964 4822 1065 4880 demet
1077 4822 1208 4880 alibiait:
1223 4824 1329 4883 lanata
1341 4844 1400 4883 anor
1409 4846 1457 4903 ega
1469 4833 1497 4888 in
1509 4842 1579 4892 terra
1588 4838 1637 4894 itae
1651 4841 1763 4917 (lippet,

138 4916 186 4973 iti.
209 4915 333 4985 ideoque
344 4923 373 4969 ttt
382 4913 566 4985 expelleretur
577 4922 607 4971 et
628 4913 819 4972 eliminaretur
838 4912 910 4970 obli·
964 4933 994 4982 tt,
1011 4916 1069 4988 19).
1085 4916 1162 4973 liade
1170 4926 1201 4974 et
1211 4917 1361 4991 Apostolus
1370 4937 1424 4981 noa
1434 4928 1491 4982 nult
1505 4943 1555 4985 nos
1569 4932 1595 4987 irt
1607 4932 1690 4993 dotno
1702 4938 1763 5011 liei,

102 5012 174 5069 vica
188 5012 274 5069 dante
288 5020 386 5067 sancta
409 5026 473 5081 sua,
496 5019 651 5069 mutatores
672 5011 724 5069 sibi
745 5011 810 5069 iecit
829 5024 912 5069 acras
964 5008 1083 5082 tldeiqne
1096 5013 1241 5069 tocatiaae
1258 5011 1381 5073 adt'enas
1399 5033 1461 5075 esse
1475 5029 1504 5077 ιι
1520 5026 1701 5097 peregrinos:
1716 5035 1765 5092 seq

140 5149 244 5207 aidtllt.
271 5156 411 5205 anteum
437 5150 553 5207 ntasima
568 5158 646 5221 parte
664 5164 744 5215 mss..
769 5148 838 5217 qaod
860 5164 912 5204 nort
963 5162 1017 5203 non
1032 5146 1564 5215 inlibrodeorcitettratrrsellertrsius.

99 5222 273 5298 judicaverit.
292 5220 373 5277 Runa.
391 5235 453 5277 curn
466 5238 532 5277 ntss.
550 5222 700 5289 aliquot...
726 5236 779 5275 nnn
793 5220 912 5275 sindica·
1001 5220 1091 5275 elira.
1103 5230 1130 5275 et
1141 5235 1201 5293 seq.
1212 5221 1280 5276 edit.
1297 5225 1324 5277 trr
1336 5238 1436 5296 marg..
1448 5228 1474 5280 irr
1485 5233 1589 5301 arpanr'a
1600 5238 1753 5313 inceptam,

103 5297 178 5351 aerii.
196 5295 267 5353 Cod.
280 5292 438 5363 usstaig...
451 5293 613 5362 indicauerit,
628 5292 655 5350 id
666 5302 718 5362 est,
733 5292 912 5360 aeetrsaterit,
963 5290 1077 5348 Aruerb.
1093 5303 1121 5346 er
1134 5290 1198 5349 Gitt.
1213 5290 1240 5346 in
1252 5308 1343 5364 carp,
1359 5295 1386 5351 in
1407 5302 1511 5369 organis
1530 5290 1680 5366 moniam,
1697 5288 1763 5373 MSS]

103 5369 163 5423 sine
174 5369 282 5425 eritnen
293 5364 437 5431 detulerit,
452 5379 595 5435 qnosensu
611 5380 666 5421 tren
679 5365 765 5421 sentel
777 5366 827 5419 itae
838 5364 914 5419 verbi
965 5377 1063 5434 magno
1075 5378 1199 5432 trttrttero,
1215 5366 1359 5422 arntisntir.
1375 5367 1484 5439 0pttnre
1496 5380 1616 5433 amnium
1644 5384 1740 5460 iternig

103 5441 242 5511 accipitur
258 5438 331 5511 apud
357 5433 530 5492 Cicerrtnertr.
546 5436 581 5493 Et
604 5436 649 5493 bic
669 5436 779 5509 quidem
799 5436 913 5508 optime,
964 5435 1145 5491 arntoniantt'a.
1459 5483 1462 5492 ι
1743 5430 1764 5457 ”

104 5513 144 5567 ttri
158 5513 298 5567 orationis
308 5510 392 5567 docet
403 5508 499 5563 series.
1001 5502 1016 5543 ἃ
1036 5506 1116 5561 lttttn.
1131 5504 1213 5571 edin,
1228 5508 1263 5561 ad
1286 5508 1422 5580 tietuini,-
1452 5512 1562 5573 Saltaia
1578 5521 1605 5577 in
1626 5540 1765 5599 conspecta

141 5583 155 5623 ¹³
170 5585 290 5641 saltatio
303 5584 377 5638 inter
392 5589 468 5635 aetus
483 5578 622 5651 religionis
636 5578 727 5635 ltabita
739 5589 782 5635 est
800 5593 853 5635 non
866 5592 912 5635 so·
967 5578 1084 5635 liontint.
1108 5575 1342 5649 indensantur,
1357 5592 1410 5638 etc.
1433 5584 1540 5645 liabent
1565 5596 1673 5662 quidem
1693 5601 1765 5659 [χχ

104 5654 161 5713 lunt
173 5658 246 5728 apud
261 5654 407 5717 liebraeos,
419 5666 513 5707 rerunt
527 5654 609 5707 etiam
621 5651 692 5722 apud
706 5650 832 5721 gentiles.
845 5650 913 5706 ilinc
965 5651 1080 5707 terbum
1112 5650 1283 5728 ipgtiaopm
1299 5651 1347 5709 sed
1358 5669 1419 5709 enrn
1442 5659 1514 5728 apud
1530 5665 1703 5725 Antbrasintn
1716 5689 1766 5730 nee

106 5727 282 5786 liomaeSnlii
294 5724 457 5783 sacerdotes
470 5722 562 5780 blattis
588 5734 669 5793 atqne
683 5724 817 5781 tierculis.
846 5722 915 5779 lltnc
966 5721 993 5778 in
1009 5738 1076 5777 ross.
1093 5727 1181 5779 necin
1196 5736 1253 5779 ant.
1268 5722 1334 5781 etlit.
1352 5725 1517 5799 inveniatur,
1545 5739 1692 5797 verisimile
1712 5755 1754 5801 est

105 5802 182 5857 naria
196 5799 381 5857 saltationum
394 5810 494 5866 genera
509 5796 535 5852 in
547 5795 678 5851 bonorem
701 5799 813 5851 deerunt
838 5794 915 5850 insti·
966 5794 1035 5850 illud
1049 5792 1084 5852 ab
1098 5796 1247 5867 exemplari
1268 5811 1322 5869 quo
1347 5795 1395 5852 tn
1418 5812 1529 5859 seramus
1553 5822 1617 5864 usus
1642 5821 1694 5881 est,
1721 5788 1770 5874 att:

107 5882 184 5943 tnta;
204 5872 357 5945 dequibus
374 5866 507 5923 Lucienus
521 5868 549 5923 in
564 5867 611 5924 lib.
622 5870 683 5946 napi
696 5867 850 5945 ὀρχήιιωις
865 5880 916 5925 nec
968 5864 1067 5924 luisse.

338 5966 480 6028 Parnon.
505 5962 577 6027 XV.
1474 5963 1494 6025 lt
