4075 6359
266 244 339 307 ιιιι
926 243 1049 315 sturm
1068 242 1230 313 dmflsll
1856 252 1922 311 ear

267 360 394 425 iordanis
416 360 554 431 patiuntur
568 359 686 427 exiendi.
714 358 944 436 septentrionalis
966 360 1028 430 elus
1051 362 1166 431 attur
1181 381 1188 419 :
1205 362 1379 428 lamentare
1394 378 1503 438 eumue
1516 362 1593 437 regio
1612 361 1828 428 teterrinum
1848 377 1923 429 sture

268 452 689 527 destrolatereTyrusclandit,
707 453 850 525 umerisque
872 454 948 530 regio
968 452 1068 525 Tyrio·
1119 454 1261 517 Galilaeam
1278 455 1366 523 media
1382 456 1475 527 jacet,
1500 456 1667 530 insipiente
1685 457 1748 515 siro
1758 454 1809 513 etri
1830 473 1925 515 somer
1973 451 1974 492 l

270 563 347 617 rum,
363 546 439 619 eujus
452 545 559 617 oltjeetu
570 545 690 610 Galilaea
704 547 792 619 spatia
806 546 982 611 definiuntur,
998 544 1069 617 ipsae
1121 547 1196 610 filas.
1206 546 1339 606 deficiens
1352 548 1379 611 iu
1394 557 1467 606 terra
1477 550 1737 613 berabatltenerunt
1751 559 1853 608 natura
1863 567 1926 611 ooo·
1973 553 1974 560 ’

271 650 361 699 eutem
385 640 456 699 inter
474 654 535 696 sese
554 640 606 697 ltoe
618 639 821 711 distinguuntur
835 640 927 709 modo,
949 648 979 697 ut
1006 655 1069 711 quae
1120 642 1220 708 sitnili,
1232 657 1284 699 uee
1296 639 1310 680 ι
1324 642 1381 706 uilo
1399 643 1480 702 ιιιιιιιιι
1495 643 1656 705 ιιιιιιιειιιι
1682 643 1794 708 iudea.
1812 642 1928 715 utraque

272 735 385 800 inferior
414 734 651 803 deliberabitur,
682 734 716 793 ab
732 737 800 798 urbe
814 734 959 800 Tiberiade
982 751 1071 809 usuris
1121 736 1194 797 eninr
1220 744 1443 809 montossatgne
1461 738 1626 811 campestris
1648 746 1709 805 est,
1738 736 1928 809 prolocutum
1974 749 1976 788 ι

271 829 304 885 an
319 828 413 887 urbem
433 825 476 891 eui
491 843 591 891 numen
607 826 728 888 zabulon
740 869 748 895 ,
761 844 842 900 supra
857 828 991 894 maritima
1007 828 1071 885 Pto·
1121 826 1294 895 diremtum
1311 842 1401 899 nenne
1415 837 1472 898 teir
1483 830 1591 903 eampis
1601 828 1783 897 diffunditur,
1800 844 1892 901 negate
1905 832 1929 887 iu

272 924 396 988 letrraitlis
406 923 692 997 ertentalnngitudine
703 924 884 991 dilaniatum
896 923 1010 989 latitudo
1024 939 1073 984 uu-
1122 920 1192 978 lueis
1205 922 1333 978 omnibns
1345 921 1479 988 montium
1486 923 1600 998 rupibus
1612 923 1930 989 retuditunsedutrius

273 1031 326 1079 tem
342 1020 425 1092 eittsa
438 1020 497 1079 vieo
508 1018 604 1081 zaloth
620 1020 664 1091 qui
676 1029 719 1081 est
731 1020 758 1077 io
772 1034 869 1089 mntpo
885 1020 1016 1086 marimo,
1026 1032 1074 1074 us-
1123 1030 1176 1087 true
1186 1017 1325 1087 qttalitatis
1340 1016 1423 1075 babet
1435 1018 1566 1094 gratiana,
1587 1018 1621 1075 td
1634 1018 1804 1087 exercitium
1819 1020 1930 1084 culture

272 1129 325 1189 que
338 1114 371 1169 ad
388 1113 534 1171 Bersabeae
544 1112 617 1171 baud
630 1113 712 1171 dubie
728 1112 881 1172 deducitur.
900 1112 976 1171 Utule
990 1113 1072 1169 etiam
1123 1108 1250 1171 solubilis
1272 1119 1345 1170 terra
1356 1120 1385 1167 et
1401 1111 1625 1183 restituereque
1640 1112 1792 1174 frumentis
1805 1114 1894 1181 utilis,
1907 1127 1931 1171 et

272 1208 406 1277 superiori
433 1206 553 1268 Galilaeae
574 1206 697 1281 aperitur
720 1205 879 1279 exordium,
907 1206 995 1279 quoad
1018 1206 1073 1268 riri
1125 1218 1211 1275 propo
1224 1203 1297 1263 eirea
1311 1201 1482 1269 fertilitatem
1496 1204 1547 1266 soli
1562 1204 1628 1273 pulli
1642 1204 1785 1274 meotida,
1816 1208 1929 1263 maisui-

274 1300 395 1359 Bathatae
410 1299 479 1365 fines
489 1301 614 1378 attingat.
628 1298 690 1373 ipso
702 1308 792 1360 autent
805 1300 866 1357 vieo
886 1300 967 1359 etiam
984 1299 1074 1373 Tyriae
1125 1306 1181 1353 tate
1193 1304 1269 1353 certe
1289 1296 1425 1365 fruetuum
1440 1299 1516 1371 prior
1529 1299 1667 1358 omnibus.
1681 1297 1754 1357 Nato
1766 1315 1834 1362 eom
1847 1301 1932 1357 aeto

273 1393 433 1463 terrestres
447 1391 685 1454 determinantur:
701 1392 879 1467 longitudinis
890 1406 999 1472 quoque
1013 1393 1075 1465 ejus
1124 1392 1189 1457 alibi
1212 1401 1341 1449 serttutur
1364 1392 1521 1459 frumertta,
1543 1392 1623 1460 istltie
1650 1402 1810 1452 metuetur.
1824 1394 1930 1467 Species

274 1485 382 1550 initintu
398 1486 474 1551 virus
496 1494 539 1541 est
551 1482 664 1555 Titulle,
687 1486 748 1542 linis
770 1494 814 1543 est
829 1485 942 1548 florbala
960 1484 1076 1553 iordani
1125 1500 1235 1559 quogtte
1251 1493 1334 1565 atque
1354 1487 1415 1557 ipss
1429 1486 1559 1545 frumenti
1575 1498 1691 1555 natura,
1716 1487 1793 1546 baud
1821 1504 1929 1559 ιιειιιιιιιι

276 1580 416 1647 finitimus.
433 1578 502 1645 ilino
518 1579 631 1653 intelligi
642 1578 734 1645 datur,
746 1589 876 1651 qtrattturn
892 1593 923 1637 se
936 1581 1077 1653 porrigant
1126 1583 1303 1655 praestantior
1318 1580 1445 1647 babetur.
1461 1583 1537 1653 Aqua
1548 1580 1655 1647 duleis,
1678 1581 1786 1637 deeora
1811 1582 1848 1638 ad
1873 1598 1929 1653 spe

276 1672 364 1751 spatia
379 1671 498 1739 batn-ee
527 1673 692 1747 superioris,
718 1673 795 1741 eujtts
814 1671 920 1729 initium
946 1670 1076 1729 iordanis
1128 1676 1316 1747 eienr,ettaris
1330 1674 1364 1735 ad
1381 1682 1492 1750 potunt,
1516 1676 1715 1739 asserendum
1732 1678 1930 1736 elementorum

276 1774 319 1831 est
334 1766 377 1821 rel
403 1766 462 1838 ejus
477 1764 604 1835 confinia.
621 1764 676 1822 liae
696 1766 777 1839 igitur
801 1781 858 1821 sune
880 1765 1077 1839 magnitudinis
1090 1749 1115 1815 Β
1128 1769 1243 1840 gratiam
1257 1767 1551 1833 estimareriotludaei
1564 1770 1806 1843 eumpromissarn
1818 1771 1930 1841 patrius

277 1857 459 1920 estimatione
474 1864 588 1927 utreque
603 1856 716 1921 Galilaea
726 1856 913 1929 distinguitur.
926 1856 1011 1913 'ferra
1025 1872 1077 1913 au-
1128 1870 1230 1918 terram
1243 1859 1373 1919 urentem
1395 1861 1438 1924 lae
1455 1861 1566 1929 etmel,
1584 1877 1647 1928 eum
1669 1862 1862 1935 spoponderit
1883 1864 1928 1919 illis

278 1958 331 2005 tent
353 1950 468 2023 pinguis,
494 1950 621 2019 herbosa,
648 1949 757 2007 diverso
775 1951 890 2007 culturae
912 1965 1015 2024 genere
1033 1951 1075 2007 ui·
1128 1953 1340 2014 resurrectionis
1367 1954 1587 2030 praerogativam.
1616 1954 1651 2011 Et
1684 1968 1841 2029 tetrumque
1875 1960 1927 2027 gri·

279 2052 355 2109 teus,
381 2042 507 2099 distincta
524 2042 689 2111 arboribus,
712 2051 743 2099 ut
766 2046 889 2115 quemuis
914 2044 1016 2104 alliciat
1041 2046 1077 2104 ad
1128 2048 1190 2107 deur
1206 2047 1300 2108 diviua
1313 2048 1402 2120 pietas
1416 2050 1591 2114 contulerat,
1611 2049 1635 2104 si
1649 2048 1734 2115 fidem
1750 2061 1926 2110 serrassent:

277 2138 318 2191 sui
330 2137 444 2209 gratiam
456 2180 463 2206 ,
476 2145 504 2194 et
520 2136 680 2211 fugitantem
696 2138 846 2195 laboresad
858 2140 947 2205 studia
962 2140 1077 2199 culture
1128 2141 1177 2199 sed
1193 2142 1348 2202 infidelibus
1362 2140 1462 2210 ritimis
1480 2151 1629 2215 uuumgue
1646 2152 1779 2214 erepturus
1792 2159 1802 2198 r
1817 2143 1865 2199 bio
1873 2144 1926 2216 jugo

279 2230 377 2299 invitet
389 2244 472 2308 atque
488 2234 599 2291 excitet.
618 2234 739 2306 [testique
755 2233 829 2291 nulla
841 2234 897 2291 illie
911 2236 955 2290 ref
979 2237 1078 2307 erigus
1128 2235 1312 2309 captis-itatis,
1337 2235 1396 2292 illie
1409 2235 1519 2293 rineulo
1539 2236 1656 2308 peceati.
1672 2235 1833 2302 Nemorosa
1849 2238 1925 2303 reeb,

276 2332 358 2390 terrae
369 2328 546 2405 portioraeat
557 2344 564 2381 ε
577 2326 1078 2399 frequentaturplerisqueinbabitan-
1128 2339 1157 2387 et
1171 2329 1233 2386 ideo
1244 2328 1323 2386 dites
1339 2330 1463 2401 pecoris,
1488 2339 1516 2385 et
1529 2329 1673 2385 abundans
1689 2328 1787 2390 laetis.
1821 2330 1926 2397 besdum

277 2420 369 2477 tibus:
385 2418 488 2477 crebrae
504 2420 602 2487 urbes,
620 2421 671 2477 aiei
686 2420 859 2493 frequentes,
871 2422 1017 2479 multitudo
1029 2424 1079 2481 bo-
1129 2438 1262 2495 nusquam
1277 2422 1318 2478 sie
1331 2422 1403 2479 laete
1416 2422 1535 2480 distenta
1551 2437 1635 2493 pecus
1648 2423 1736 2479 tubera
1751 2424 1840 2495 gerit.
1858 2423 1925 2479 Pons

276 2515 379 2571 minum
395 2514 618 2583 innumerabilis,
632 2526 661 2573 ut
674 2517 787 2589 exiguus
799 2517 875 2573 vietis
889 2518 915 2571 iu
930 2531 980 2573 suo
989 2527 1077 2577 tractu
1128 2516 1265 2572 silvestria
1277 2515 1320 2572 rel
1333 2515 1530 2587 insitirasuper
1539 2515 1821 2587 outniuutregionuru
1834 2517 1924 2586 copias

278 2608 397 2665 babeat'¹
419 2610 512 2682 uiginti
542 2611 625 2667 millia
652 2612 872 2668 inhabitantium.
899 2612 1079 2672 circumfusis
1129 2607 1242 2666 Referta
1256 2617 1346 2665 atttem
1362 2618 1478 2677 utraque
1489 2608 1530 2665 rel
1544 2607 1638 2677 iodea
1651 2610 1693 2665 rel
1705 2610 1839 2677 Samaria
1852 2609 1923 2663 boui·

277 2718 386 2777 quoque
401 2702 555 2762 nationibus
574 2705 733 2776 alienigenis
756 2714 870 2779 utraque
895 2705 1009 2770 Galilma
1025 2706 1079 2763 eir·
1131 2719 1196 2766 num
1212 2700 1399 2768 multitudiue,
1412 2711 1441 2755 ut
1456 2700 1523 2756 mibi
1534 2698 1679 2759 rideantur
1694 2699 1763 2770 bine
1775 2699 1845 2755 illud
1856 2700 1924 2757 iuter·

277 2796 431 2864 eumdatur,
452 2804 480 2854 el
508 2797 570 2853 ideo
592 2812 679 2869 genus
703 2798 843 2855 bertuinum
858 2799 1036 2870 bellicosum,
1062 2815 1078 2857 a
1130 2799 1229 2873 pretnti
1243 2796 1330 2855 lttduei
1349 2795 1421 2869 quod
1440 2797 1571 2867 seriptum
1586 2803 1643 2865 est,
1660 2795 1727 2869 tpuia
1742 2798 1823 2857 nulla
1836 2797 1923 2852 eritis

277 2888 364 2961 prima
391 2898 470 2945 relate
496 2889 646 2947 exereitum
679 2890 851 2963 praeliaribus
882 2894 1078 2973 tentamentis,
1131 2893 1175 2949 bis
1197 2893 1265 2949 lueis
1276 2888 1381 2947 sterilis
1396 2888 1679 2957 etintecunumum
1692 2888 1747 2948 boe
1764 2889 1810 2946 les
1836 2890 1923 2945 dene

276 2982 1079 3068 abundansnumeru,audaciapromptum‚atqueadomines
1131 2988 1245 3050 sitorum
1261 2982 1427 3041 fecunditate
1440 2983 1649 3058 praescripserit,
1665 2993 1693 3048 et
1710 2981 1847 3044 uirtutum
1863 2983 1923 3039 feni·

278 3078 342 3134 belli
368 3088 442 3135 artes
465 3088 601 3152 puratum.
630 3078 744 3138 Perstet
774 3090 863 3145 tumen
893 3081 1079 3153 magnitudine
1130 3080 1216 3145 litate.
1232 3078 1397 3148 Principium
1412 3077 1542 3143 Samariae
1554 3075 1590 3134 de
1603 3074 1714 3145 Arabiae
1728 3076 1923 3137 linibnsariet

278 3171 382 3231 Petraea
394 3176 486 3248 regio,
501 3188 562 3247 getae
576 3173 648 3230 unde
659 3174 820 3239 vocabulum
831 3175 977 3251 acceperit,
995 3190 1077 3249 supra
1132 3174 1174 3230 eui
1188 3187 1287 3228 nomen
1298 3169 1427 3237 Jordani,
1445 3169 1505 3225 ftuis
1516 3169 1549 3224 ad
1565 3170 1725 3241 aquilonem
1742 3170 1808 3227 rieo
1824 3171 1921 3232 brimeu

278 3262 407 3321 diximus.
422 3266 596 3342 bfajorbaee;
610 3268 658 3323 sed
679 3269 771 3325 utilior
792 3266 916 3339 Galilaea,
937 3270 1000 3342 quia
1024 3281 1079 3341 totu
1132 3266 1250 3323 latitudo
1263 3262 1487 3322 antemiudaeea
1500 3262 1920 3335 uttrtotordauetequeloppu.

280 3370 434 3432 exercetur,
448 3377 497 3418 nee
509 3365 561 3419 ulla
575 3365 705 3435 paersejus
717 3363 849 3423 fructibus
861 3365 1003 3434 infecunda
1018 3381 1078 3436 est:
1133 3362 1229 3434 incipit
1243 3361 1316 3417 eninr
1337 3373 1352 3413 a
1364 3358 1484 3415 fontibus
1492 3357 1632 3424 iordanis,
1643 3365 1672 3413 et
1684 3373 1700 3413 a
1716 3368 1814 3415 monte
1826 3358 1920 3424 Libani.

281 3453 330 3511 sed
346 3458 472 3513 universa
484 3458 630 3529 terraieJ'us
641 3459 729 3531 opima
740 3466 768 3515 et
777 3461 865 3517 ferar.
877 3460 979 3527 Petraeu
988 3472 1080 3533 atttepg
1132 3464 1161 3511 ot
1171 3451 1461 3534 usqueadfiberiadis
1472 3450 1705 3510 laeumdilatatnr.
1719 3452 1742 3510 Δ
1755 3451 1820 3509 rieo
1831 3466 1920 3522 quogm

281 3548 416 3615 diffusior,
432 3551 480 3609 sed
492 3567 527 3609 ex
539 3553 642 3625 majpre
655 3563 731 3627 parre
743 3554 892 3621 desertare
909 3556 1005 3627 rigida,
1019 3575 1081 3631 (mg
1133 3546 1218 3603 Anba
1227 3546 1336 3601 initium
1349 3543 1529 3615 longitudinis
1539 3542 1611 3614 ejus,
1621 3558 1683 3615 quae
1698 3544 1834 3615 usquead
1848 3546 1919 3597 ritum

283 3659 473 3702 ntansuesrere
494 3647 598 3703 arando
618 3648 735 3719 neseiat,
752 3664 802 3707 nee
822 3651 977 3723 asperiores
994 3650 1082 3719 facilis
1133 3634 1721 3705 tuendum1⁰¹i³d0m‚luti¹¹⁰l⁰¹¹ae⁰l¹¹ffl
1734 3636 1919 3707 WlffliTl·

282 3752 380 3796 suecos
390 3739 512 3799 domare.
527 3740 579 3797 Sed
593 3755 689 3799 rursus
702 3744 792 3813 portio
803 3741 863 3814 ejtts
874 3743 965 3807 mellis
975 3743 1008 3810 pti
1024 3746 1083 3803 cul·
1135 3734 1237 3794 tiorum
1251 3730 1406 3788 multifluis
1417 3730 1561 3787 bilbilim·
1576 3726 1605 3784 [Ω
1619 3728 1713 3785 ῐῦθᾱὶθ
1728 3739 1823 3796 alifem
1838 3729 1919 3786 ltin

283 3840 356 3899 tum,
375 3830 472 3889 fertilis
485 3832 518 3893 ud
534 3849 632 3901 psum,
648 3844 722 3910 gruta
738 3834 772 3891 ad
788 3846 949 3909 aspectum,
965 3838 1082 3897 meissen
1133 3828 1231 3884 ciuitas
1251 3826 1450 3899 flierosolpma,
1465 3825 1542 3900 quasi
1555 3823 1703 3880 umbilicus
1711 3825 1835 3903 regionis
1843 3826 1918 3889 tour«,

282 3924 454 3992 exercitium,
484 3924 599 3997 insitivis
624 3928 699 3983 utilis
711 3928 818 3999 pomis,
834 3929 923 3986 omnia
938 3929 1042 3997 ferens,
1054 3939 1084 3993 ut
1135 3932 1164 3977 ιιι
1176 3920 1355 3993 prudentibus
1371 3920 1482 3990 placuit,
1498 3926 1671 3987 ¹¹¹¹¹¹⁰¹¹i²¹¹¹f
1686 3934 1694 3971 ²
1708 3917 1919 3985 abussdfnssftffl

283 4032 394 4089 campos
409 4019 468 4091 ejus
481 4020 617 4076 distinetee
633 4020 659 4076 in
672 4019 762 4077 fronte
778 4032 927 4093 praeierant
951 4024 1081 4091 arbores,
1135 4014 1342 4073 mediterraneis
1357 4012 1453 4083 copiis,
1478 4026 1529 4083 pee
1543 4010 1669 4068 fraudata
1698 4010 1917 4080 maritimisque

283 4112 633 4171 iumedtoveuusteutret
659 4114 1016 4185 plerttmqnennimiosoie
1038 4114 1083 4182 rel
1137 4112 1281 4190 prraeteutlit
1303 4110 1436 4183 ttsqttend
1474 4107 1683 4177 Ptolemaidem,
1711 4119 1740 4173 et
1761 4120 1848 4178 totntp
1867 4104 1917 4165 illud
1976 4175 1977 4182 ἵ

283 4206 384 4279 frigore
410 4206 557 4265 defendant
581 4214 640 4263 sata
659 4224 666 4261 :
683 4207 856 4281 tuatimeque
883 4206 944 4262 olea
965 4208 1083 4264 restitus
1136 4223 1212 4262 terrere
1226 4206 1353 4277 praetexit
1366 4202 1501 4265 littoribus
1509 4203 1576 4259 suis.
1593 4202 1683 4268 llttbae
1698 4202 1794 4271 ttrlres,
1810 4203 1918 4262 sedintu

284 4318 358 4377 ager,
374 4315 421 4359 aut
434 4303 535 4362 vitibus
547 4304 678 4372 intextus,
693 4303 1008 4375 autpalmisinsignitus.
1022 4303 1085 4360 lue·
1136 4314 1232 4354 ontnes
1256 4297 1444 4368 flierosulgma
1470 4296 1573 4361 eminet
1590 4312 1596 4349 :
1612 4296 1648 4354 ita
1664 4304 1694 4351 ut
1714 4297 1792 4367 quasi
1817 4304 1886 4372 eaput
1898 4294 1917 4348 iu

284 4399 420 4456 narrabile
434 4408 535 4471 quiante
548 4398 640 4455 decori
658 4398 704 4463 sit,
720 4413 782 4467 enm
797 4406 880 4455 rento
901 4397 1010 4469 impulsi
1027 4398 1086 4469 pal·
1136 4409 1251 4471 corpore
1267 4408 1321 4454 uon
1334 4393 1477 4449 obumbret
1488 4406 1536 4447 sus
1548 4391 1682 4458 membra,
1694 4389 1743 4446 sed
1758 4404 1844 4463 regar,
1854 4402 1917 4461 atque

285 4506 391 4547 tuarum
406 4491 518 4556 ordines
532 4498 715 4561 conerepant,
729 4500 754 4547 et
765 4491 908 4557 suaviores
928 4490 1011 4547 solito
1026 4492 1085 4546 iun·
1137 4489 1178 4546 eis
1193 4485 1300 4543 tuitioni
1312 4486 1349 4540 sit
1363 4493 1391 4541 et
1412 4482 1620 4562 pttlebritudini.
1635 4482 1674 4550 lie
1689 4479 1785 4537 Judtea
1798 4483 1880 4551 itaque
1897 4487 1918 4533 et

287 4582 388 4638 aluntur
402 4583 570 4653 dactylorum
582 4582 693 4641 odores.
707 4582 763 4639 Nee
778 4582 907 4639 mirumsi
923 4583 1012 4655 omnis
1029 4583 1087 4639 illie
1098 4546 1127 4622 D
1140 4576 1262 4633 finitimis
1278 4575 1443 4647 regionibus,
1461 4585 1614 4650 opportuno
1629 4574 1695 4644 lieet
1708 4572 1875 4645 eonppendio,
1892 4586 1915 4629 et

286 4678 373 4750 gratia
384 4675 528 4735 viriditatis
541 4688 593 4745 est,
602 4679 647 4738 ubi
658 4680 773 4734 amoenis
785 4676 927 4735 breviorum
940 4677 1087 4748 meatibus,
1139 4692 1199 4751 quse
1212 4672 1388 4747 significanda
1400 4671 1582 4735 fiterant‚non
1594 4670 1832 4741 pretermisimus.

288 4785 319 4825 es
335 4771 477 4841 superiore
490 4770 693 4828 decurrentium
713 4772 778 4845 jugo
795 4773 945 4843 muntium,
962 4770 1089 4847 superfu·
1447 4763 1561 4825 CAPUT
1582 4762 1637 4829 Vll·

288 4880 335 4921 sus
348 4880 412 4933 ager
425 4866 543 4938 rigatur,
554 4876 581 4921 et
592 4866 681 4928 niueis
693 4866 814 4925 fontibus
828 4875 937 4923 scatens
947 4864 1088 4937 possides·
1177 4858 1352 4933 Sepitoritaui
1366 4869 1377 4897 ⁰
1393 4874 1502 4931 nutuue
1512 4869 1538 4927 et
1553 4858 1653 4926 tributa
1666 4863 1694 4927 et
1708 4854 1829 4916 sttbsidia
1840 4854 1917 4910 milite

290 4968 403 5016 turcum
416 4960 534 5025 invidia,
553 4962 724 5029 desideretur
740 4976 802 5019 estin
823 4962 921 5033 gratia.
935 4958 1090 5033 Longitudo
1141 4958 1192 5026 ria,
1205 4958 1332 5029 regiones
1343 4954 1472 5025 finitimas
1492 4951 1677 5026 incursabant,
1698 4950 1916 5007 atteterituruls·

289 5054 348 5126 ejtts
368 5053 573 5112 ablaeberuute
587 5072 672 5129 usque
686 5057 719 5113 nd
735 5057 849 5121 Pelium.
867 5056 892 5114 id
904 5065 963 5129 est,
975 5072 989 5111 a
1002 5057 1089 5113 latere
1144 5051 1296 5117 eructuanti
1320 5050 1451 5122 liberant,
1476 5048 1527 5113 sibi
1554 5046 1617 5106 belli
1642 5046 1736 5117 speeie
1762 5044 1915 5105 tittdictttttt.

290 5148 444 5217 meridiano
455 5162 540 5219 ttsntte
552 5149 579 5205 in
592 5152 819 5223 septentrionem.
834 5150 960 5221 Latitudu
971 5161 1089 5215 autema
1143 5148 1216 5221 qttod
1229 5146 1346 5219 imperio
1364 5146 1487 5213 lfomana
1503 5159 1519 5208 a
1541 5142 1643 5211 iudaeis
1657 5142 1833 5212 inferebatur.
1858 5136 1916 5195 linfe

291 5243 478 5314 Pbilatlelpbia
490 5258 575 5315 usque
588 5245 620 5300 ad
632 5246 731 5305 flumen
742 5246 901 5315 tornareto,
915 5248 968 5313 boe
977 5259 1018 5311 est
1029 5247 1043 5287 ι
1054 5247 1090 5312 rlr
1142 5243 1278 5315 loseplnts
1288 5234 1802 5314 areepeaeerbitatfstuirpiamuteisei
1812 5232 1914 5306 gestiens,

290 5349 350 5397 ortu
364 5341 430 5397 solis
445 5355 532 5416 usque
546 5337 653 5395 Arabiae
667 5343 828 5409 protexitur.
857 5342 885 5402 ιιι
900 5357 1027 5408 oeeasntn
1042 5358 1090 5404 utt-
1144 5342 1248 5412 funere
1263 5339 1290 5395 in
1300 5332 1565 5405 urbemsepborim.
1581 5331 1684 5391 sociatu
1695 5326 1747 5398 sibi
1760 5326 1912 5383 Plurimomu

291 5444 344 5490 tem
360 5436 428 5491 urbe
442 5435 475 5492 ad
490 5430 637 5499 dordunum
654 5445 664 5473 ι
681 5434 791 5499 nurnine
803 5435 914 5493 erterrdi
930 5435 1091 5508 manifestae
1144 5450 1258 5495 enumero
1269 5430 1420 5501 contendit.
1431 5440 1461 5486 ιιι
1471 5436 1575 5500 epsarrt
1589 5434 1731 5496 reruearet
1744 5425 1772 5493 iu
1785 5421 1912 5487 serietatem

328 5551 415 5609 ruod.
425 5548 656 5622 vet..guindeeius.
668 5548 715 5609 Sio
725 5562 750 5609 et
761 5551 1091 5623 losepb.l.l‚e.2.llstr.
1181 5545 1352 5605 strreoeis
1375 5544 1461 5603 editio
1472 5558 1527 5602 uon
1540 5540 1623 5607 babet
1636 5538 1715 5599 modo
1732 5553 1742 5593 :
1763 5536 1867 5596 fortasse
1883 5548 1913 5587 ιι·

332 5624 512 5692 ¹’Cod.ret.,
527 5624 1097 5697 ulortutofisurgotdrabiumproeteeittrr.
1152 5622 1232 5685 etius
1251 5617 1391 5677 Gtsssuu.
1500 5687 1506 5700 ·
1554 5686 1561 5699 ι
1665 5683 1672 5696 ι
1809 5679 1839 5691 ..
1886 5676 1904 5687 Η

292 5698 379 5757 uiue.
1189 5702 1201 5730 θ
1216 5690 1285 5748 eon.
1302 5699 1370 5756 ret„
1394 5688 1575 5761 Sepbontoutr
1589 5681 1735 5739 contributa
1747 5680 1852 5737 suunt
1863 5676 1912 5730 nub·

340 5774 407 5827 tun
421 5771 536 5849 flumen?
557 5770 611 5829 Sed
623 5772 689 5844 nibil
700 5783 785 5831 mutu.
802 5771 941 5839 Gttttttn.
1151 5764 1219 5831 toria
1231 5764 1345 5853 regionis
1355 5760 1474 5857 finitimo
1485 5757 1663 5815 incursabant.
1679 5756 1765 5816 utu.
