4075 6359
115 396 190 454 anor
549 397 686 457 atsvon.
708 398 753 456 mr
772 397 913 458 arcturo
931 398 1070 460 monos.
1090 400 1194 459 ιιιιιι
1211 398 1278 459 ιιι.
1297 401 1343 459 ιι.
1562 381 1566 387 ’
1699 401 1771 459 roae

115 510 210 582 irruit,
223 524 272 571 ett
286 524 380 586 postea
397 516 502 571 emtori.
515 515 671 588 Statimque
684 516 834 588 omnesqui
846 516 918 574 inte·
931 517 1015 581 Arabi
1030 518 1105 576 nasci
1115 532 1132 575 a
1144 518 1336 591 superioribus
1347 520 1481 591 temporis
1493 519 1561 576 viris
1571 518 1769 577 estimabatur.

113 604 177 662 rios
189 616 279 675 erant,
290 606 405 681 dispersi
421 608 447 664 in
462 608 553 681 lugam
566 646 575 675 ,
589 608 636 664 alii
649 608 919 681 prosternebantur,
970 611 1029 669 Nec
1039 621 1130 669 tamen
1144 627 1159 667 a
1175 613 1311 684 principio
1329 611 1426 669 eadem
1450 612 1568 681 Parmii,
1584 610 1638 668 nisi
1651 610 1709 668 sola
1723 624 1772 666 na-

114 700 164 755 alii
178 701 359 759 ascendentes
374 704 480 776 navigia
493 746 501 768 ,
513 704 541 760 in
557 703 647 761 lacum
666 704 917 775 demergebantur,
970 707 1068 763 toralia
1080 708 1183 779 gratia:
1206 708 1254 764 sed
1270 707 1372 779 regalis
1386 706 1514 780 Agrippae
1528 704 1715 763 munificentia
1727 719 1774 761 or-

114 796 182 853 carsi
197 796 272 853 intus
286 797 365 854 multi
378 799 520 855 mortales.
540 798 614 855 Sane
625 800 673 871 qui
695 798 730 856 de
744 801 816 871 agris
829 807 918 868 erant,
970 808 1053 857 natus
1068 800 1128 856 loco
1148 801 1260 857 uberior
1271 799 1496 871 splendidiorque
1510 798 1613 867 aditus,
1630 812 1684 870 qno
1706 811 1772 867 spe·

113 886 270 945 offerebant
283 905 346 946 sese
360 888 490 947 Romanis
502 890 608 948 alienos
625 892 712 963 culpae
739 902 918 960 asserentes,
971 893 1053 949 lorum
1064 892 1165 949 decore
1176 892 1343 959 admirabili,
1361 908 1410 963 per
1423 892 1495 965 quod
1513 907 1575 950 sese
1597 890 1695 947 attollit
1710 888 1774 947 Jor-

113 981 215 1052 quibus
229 982 274 1053 pio
288 982 476 1041 moderamine
492 984 570 1041 Titus
594 985 759 1056 parcendum
782 984 893 1056 putabat
910 1024 918 1052 ,
970 984 1059 1050 dania,
1074 992 1245 1041 exstructum
1260 992 1489 1057 venustatumque
1509 987 1675 1057 accepimus.
1692 981 1773 1041 lintle

112 1074 306 1146 solosurgens
323 1074 482 1133 rebellionis
505 1082 645 1133 auctores.
673 1076 747 1133 llisit
774 1076 866 1148 itaque
885 1076 918 1133 ad
970 1093 1027 1135 non
1042 1079 1137 1135 latenti
1152 1078 1207 1149 ianr
1221 1094 1311 1150 neque
1324 1078 1419 1137 abdito
1439 1094 1488 1151 per
1501 1093 1587 1136 cavos
1599 1090 1680 1135 terrae
1694 1092 1772 1135 mea·

114 1178 222 1239 patrem
243 1168 386 1241 cquitenr,
406 1171 454 1242 qui
464 1169 603 1227 nuntiaret
631 1178 759 1227 eventum
784 1169 918 1227 victoriae.
971 1180 1026 1243 tus,
1041 1174 1091 1231 sed
1103 1174 1202 1231 risibili
1216 1188 1267 1246 per
1280 1185 1367 1232 terras
1383 1182 1465 1247 atque
1480 1185 1577 1247 aperto
1595 1173 1706 1230 donnino
1729 1172 1773 1228 in·

113 1260 176 1331 Quo
188 1261 341 1319 delectatos
354 1261 541 1336 Vespasianus
557 1303 566 1328 ,
580 1270 609 1319 ιι
625 1264 743 1319 maxime
760 1262 809 1317 dlii
824 1260 919 1319 trium·
970 1266 1094 1339 cripiens,
1110 1265 1309 1339 superfundere
1332 1282 1363 1323 se
1382 1266 1634 1324 semechonitidem
1657 1266 1770 1333 lacurn,

113 1353 183 1425 pho,
198 1355 246 1426 qui
259 1354 404 1411 maximam
419 1354 573 1425 portionem
590 1354 673 1411 totius
684 1354 748 1411 belli
763 1353 921 1411 coniecerat
971 1358 1142 1431 paludesque
1156 1360 1215 1429 eius
1230 1359 1388 1415 intersecat.
1398 1358 1464 1415 lnde
1477 1373 1587 1431 quoque
1597 1370 1772 1416 cursussoos

112 1445 190 1518 quod
201 1446 335 1503 adversus
347 1444 469 1503 ιιιιιιιιι
481 1445 645 1519 gerebatur,
659 1460 693 1503 co
703 1445 844 1503 contendit
860 1487 868 1515 ,
892 1454 922 1503 et
971 1451 1104 1523 dirigens,
1117 1460 1227 1508 centurn
1239 1450 1336 1523 viginti
1347 1450 1436 1509 stadia
1450 1452 1511 1509 sine
1524 1452 1579 1508 ulla
1592 1450 1773 1509 interiosione

110 1539 197 1612 iussit
210 1539 349 1597 observari
364 1539 460 1597 urbem
473 1539 648 1611 diligentius,
663 1554 699 1597 ne
711 1540 773 1612 quis
790 1539 920 1597 elabere·
971 1542 1145 1615 progreditur
1153 1557 1242 1614 usque
1254 1541 1289 1599 ad
1299 1542 1405 1612 urbem,
1420 1544 1466 1600 cui
1479 1543 1566 1600 iulias
1578 1560 1679 1602 nomon
1688 1564 1695 1599 ι
1705 1558 1771 1615 pos-

115 1642 173 1703 tor,
189 1634 308 1707 eoquod
322 1634 443 1693 universi
461 1649 548 1707 prenae
563 1634 738 1693 deberentur.
752 1632 814 1691 hlio
827 1641 918 1691 tannen
971 1648 1015 1695 tea
1028 1638 1117 1696 lacum
1128 1640 1211 1697 istum
1224 1642 1270 1714 qui
1286 1640 1410 1698 Genesar
1422 1640 1521 1696 dicitur
1538 1640 1653 1709 ,medio
1676 1639 1775 1696 transit

113 1728 162 1785 die
177 1736 290 1799 propter
301 1742 350 1785 eos
368 1728 416 1801 qui
442 1728 470 1785 in
494 1729 612 1801 scaphas
638 1741 700 1786 sese
723 1728 918 1798 contulerant,
970 1733 1089 1789 lluento:
1102 1734 1202 1806 quibus
1212 1749 1246 1790 ex
1262 1733 1329 1791 locis
1345 1733 1461 1806 piurima
1483 1734 1706 1803 circumvagatus
1720 1730 1771 1788 de·

114 1828 194 1876 rates
208 1818 268 1876 lieri
280 1819 291 1891 j
296 1821 381 1877 ussit:
397 1834 458 1893 quae
472 1820 533 1878 sino
548 1835 626 1877 mora
635 1819 731 1888 ιιιιιι;
747 1822 920 1893 quoniamst
971 1836 1055 1895 serta,
1072 1826 1228 1898 Asphaltite
1240 1826 1388 1899 suscipitur
1400 1826 1477 1895 laco,
1493 1834 1577 1897 atque
1591 1824 1621 1881 in
1635 1838 1697 1881 eum
1707 1838 1775 1881 con-

113 1913 192 1969 silrm
206 1914 338 1984 finitima,
353 1924 382 1971 et
392 1914 512 1986 operarii
528 1912 651 1987 plerique
669 1914 841 1973 accelerandi
856 1930 918 1972 mu·
934 1915 1058 1985 Bditur.
1070 1916 1164 1991 ltaque
1185 1917 1256 1976 duos
1271 1918 1348 1976 lacus
1370 1920 1459 1976 victor
1469 1932 1599 1991 egressus
1615 1959 1624 1985 ,
1649 1917 1677 1972 in
1692 1914 1775 1972 tertio

114 2006 190 2066 neris
201 2007 357 2067 facultatem
368 2008 479 2066 dedere.
970 2010 1066 2068 lraeret.
1082 2011 1231 2070 Praetendit
1240 2019 1331 2069 autern
1345 2011 1422 2084 regio
1436 2010 1575 2080 Genesar,
1588 2008 1712 2082 ejusdem
1727 2022 1775 2064 no

405 2100 520 2161 CAPUT
530 2100 628 2158 xxvi.
969 2106 1163 2176 minislaoum,
1177 2107 1214 2164 de
1228 2121 1282 2179 quo
1292 2117 1320 2164 ιι
1332 2107 1393 2179 ipsa
1411 2106 1575 2164 vocabulum
1599 2102 1747 2175 assumpsit
1763 2142 1772 2169 ,

151 2193 273 2267 Namque
288 2196 366 2255 lacus
380 2196 478 2269 ipsios,
493 2197 568 2253 velut
577 2195 696 2269 quodam
715 2194 799 2253 maris
813 2193 918 2251 ambitu
970 2200 1090 2257 mirabili
1102 2210 1207 2257 natura
1215 2199 1304 2272 gratia
1315 2210 1344 2257 et
1358 2200 1451 2269 specie
1465 2196 1689 2271 pulchritudiuis.
1702 2194 1773 2253 liam

114 2290 193 2346 sinrrs
212 2288 420 2361 amplissimus,
444 2290 472 2345 in
496 2288 692 2363 longitudinem
716 2297 828 2347 uentum
851 2302 918 2361 qua·
969 2302 997 2351 et
1006 2300 1173 2366 spontaneos
1186 2291 1291 2351 tructus
1302 2293 1354 2350 soli
1367 2294 1480 2351 ubertas
1494 2292 1654 2361 ministrat,
1676 2300 1704 2347 ιι
1724 2306 1774 2347 ne·

115 2384 244 2456 draginta
269 2384 429 2443 extenditur
445 2384 533 2442 stadia
550 2426 558 2454 ,
579 2384 724 2442 latitudine
737 2382 918 2456 quadraginta
969 2402 1077 2444 morum
1090 2386 1167 2443 ferax
1179 2387 1206 2442 ιιι
1218 2388 1344 2443 ιιιιιιιι
1360 2401 1461 2458 genera
1483 2394 1581 2458 sponte
1594 2400 1625 2441 se
1635 2382 1773 2457 subrigit:

113 2480 287 2551 diffunditur,
301 2480 485 2554 crispantibus
496 2481 576 2553 aquis
588 2493 682 2537 auram
698 2477 732 2536 de
756 2480 850 2549 seipso
864 2476 917 2534 sibi
969 2479 1100 2535 arborum
1125 2478 1324 2550 pomiterarum
1341 2486 1370 2535 et
1390 2480 1507 2536 culturae
1535 2478 1646 2535 solertia
1666 2477 1773 2533 imitata

114 2576 250 2631 excitans.
266 2573 347 2631 Unde
360 2582 389 2631 et
402 2572 525 2631 Genesar
539 2573 639 2630 dicitur
658 2571 756 2630 umen
769 2570 917 2638 vocabolo,
969 2581 1109 2641 naturam,
1124 2571 1152 2627 in
1173 2584 1245 2644 quos
1255 2572 1340 2628 voluit
1358 2584 1425 2628 osus
1441 2613 1450 2641 ‚
1476 2571 1575 2643 opima
1598 2569 1775 2627 iocunditatis

114 2668 192 2739 qnasi
203 2682 336 2739 generans
350 2667 403 2724 sibi
419 2681 530 2722 auram:
554 2680 625 2739 aqua
639 2665 730 2723 dulcis
744 2706 753 2731 ,
766 2673 794 2721 et
815 2663 851 2721 ad
870 2678 918 2735 po-
969 2664 1083 2723 dellexit
1094 2664 1226 2736 gratiam;
1240 2675 1271 2720 ut
1292 2662 1361 2720 nibil
1376 2665 1412 2721 sit
1427 2663 1483 2720 illic
1493 2661 1567 2737 quod
1581 2672 1677 2718 natura
1689 2676 1773 2733 nega·

114 2758 229 2817 tandum
243 2760 341 2817 habilis
351 2776 358 2815 a
370 2758 503 2832 siquidem
515 2773 567 2816 nec
579 2758 709 2830 palustris
719 2758 829 2829 uliginis
839 2772 917 2815 cras·
970 2761 1051 2827 verit,
1067 2759 1137 2816 nibil
1157 2758 1231 2831 quod
1254 2758 1361 2815 cultura
1375 2758 1552 2831 praeterierit:
1570 2756 1609 2814 ita
1623 2766 1703 2829 aptus
1715 2770 1775 2811 om-

115 2853 343 2927 sumaliqoidaut
357 2852 494 2911 turbidum
510 2852 631 2925 recipit,
647 2854 710 2925 quia
728 2866 846 2910 arenoso
865 2867 918 2908 on·
970 2855 1071 2923 nibus,
1092 2853 1216 2912 rrecullis
1238 2869 1368 2926 umquam
1395 2853 1503 2912 alienus
1520 2852 1665 2911 fructibus.
1690 2849 1776 2922 Cujus

115 2947 199 3021 dique
211 2948 302 3005 littore
315 2948 541 3015 circumvenitur,
560 2955 588 3005 et
612 2946 792 3017 temperatior
813 2954 858 3003 est
868 2945 919 3001 llu-
969 2959 1044 3007 tanta
1057 2949 1227 3021 temperies,
1244 2957 1274 3006 ιι
1289 2948 1411 3005 omnium
1433 2948 1605 3006 nascentium
1629 2944 1775 3001 conveniat

117 3042 179 3099 viali
192 3050 239 3099 aut
255 3042 338 3099 fontis
352 3041 453 3113 rigore.
475 3039 612 3114 Frigidior
627 3048 716 3097 tamen
733 3040 847 3111 placidae
867 3054 918 3111 pa·
969 3043 1134 3101 diversitati.
1150 3042 1208 3099 lllio
1221 3050 1319 3114 etquae
1339 3040 1443 3114 lrigore
1455 3042 1583 3111 aluntur,
1599 3055 1661 3097 sese
1681 3038 1776 3095 multi·

116 3134 187 3192 lodis
201 3149 311 3207 equore
326 3174 334 3204 ,
349 3148 383 3191 ιο
408 3134 469 3206 ipso
481 3134 553 3206 quod
574 3148 629 3190 non
653 3134 681 3190 in
702 3135 790 3207 stagni
812 3146 918 3190 morem
971 3138 1081 3210 pliciter
1093 3136 1246 3207 edorrdunt,
1258 3145 1286 3193 et
1296 3152 1357 3208 quae
1376 3146 1444 3193 :estu
1458 3136 1596 3193 loventur.
1610 3134 1667 3191 lilio
1679 3134 1774 3191 aestiva

116 3227 249 3285 sternitur
262 3242 353 3300 aqua,
369 3226 418 3285 sed
432 3242 483 3300 per
496 3226 638 3285 diffusiora
671 3227 759 3297 spatia
774 3226 848 3283 lacos
863 3224 919 3284 ire·
971 3231 1095 3288 hibernis
1105 3229 1192 3286 mixta
1203 3229 1284 3286 simul
1297 3230 1426 3302 aspicias,
1440 3238 1548 3286 arctoas
1562 3242 1658 3297 nuces,
1669 3238 1698 3285 ιι
1710 3227 1776 3284 dac·

116 3320 327 3394 quentiusaoris
351 3322 518 3393 spirantibus
533 3320 666 3393 agitatur:
692 3319 809 3391 undeet
821 3318 917 3392 purior
931 3323 954 3389 c
970 3326 1043 3400 tylon
1068 3324 1121 3381 nisi
1153 3323 1223 3381 lucis
1253 3324 1467 3382 sonantioribus
1497 3323 1624 3396 generari
1652 3322 1772 3379 nescios.

117 3416 231 3472 linuatus
245 3416 315 3488 eius,
330 3430 363 3473 ac
374 3415 484 3473 mollior
497 3423 543 3473 est
555 3414 589 3472 ad
614 3430 694 3472 usum
705 3414 835 3481 bibendi;
851 3423 879 3472 ιι
893 3413 918 3472 ιι
967 3420 1039 3491 Quid
1055 3420 1124 3476 deus
1135 3427 1183 3476 aot
1197 3419 1290 3477 auleas
1303 3420 1401 3491 loquar
1416 3462 1423 3487 ,
1445 3434 1512 3491 quas
1527 3417 1592 3475 cmii
1604 3416 1713 3475 mollior
1725 3415 1776 3472 alit

116 3512 177 3581 quis
189 3510 305 3567 naturali
318 3511 412 3583 gratiae
423 3509 544 3567 studium
556 3508 705 3582 adjungere
722 3509 807 3574 velit,
825 3517 856 3565 ut
866 3522 917 3565 ars-
968 3513 1091 3570 tractusi
1101 3526 1154 3569 nee
1167 3521 1258 3568 ιιιιιι
1270 3522 1414 3584 aquantur
1429 3511 1483 3567 illis
1506 3510 1717 3580 superioribus:
1732 3506 1773 3564 illl

116 3603 178 3659 liris
192 3616 364 3673 suspensam,
380 3602 414 3660 ad
429 3618 511 3659 auras
526 3602 652 3659 noctibus
672 3618 747 3661 more
763 3602 916 3659 incolarum
967 3606 1042 3663 enim
1069 3604 1235 3677 principales
1255 3604 1433 3671 Palestinae,
1450 3612 1478 3659 ιι
1499 3603 1609 3675 quidem
1629 3600 1775 3660 domestici

117 3697 190 3768 potui
204 3692 289 3769 patet}
304 3695 513 3768 haudquaquam
533 3710 548 3749 a
563 3696 635 3752 nivis
650 3696 703 3751 ritu
717 3695 823 3753 distare
842 3694 917 3752 arbi·
967 3698 1086 3765 tructus,
1098 3712 1187 3770 eoque
1199 3699 1360 3755 uberiores:
1376 3698 1405 3754 bi
1417 3711 1560 3771 suppares,
1573 3706 1603 3752 et
1615 3694 1680 3752 licet
1692 3694 1776 3765 longo

117 3799 215 3849 trctrrr.
241 3791 347 3848 Genera
369 3805 477 3863 quoque
507 3791 622 3861 piscium
650 3798 732 3859 gustu
757 3798 785 3845 et
799 3790 915 3860 specie,
968 3791 1125 3858 intervallo,
1150 3790 1199 3848 sed
1214 3788 1335 3848 tamend
1357 3791 1509 3864 proximis,
1529 3790 1606 3847 dieas
1629 3796 1777 3845 naturast

116 3900 197 3954 quam
210 3884 238 3940 in
253 3884 309 3941 alio
323 3884 524 3955 praestantiora.
547 3882 601 3938 [les
616 3881 727 3954 exigere
747 3881 872 3950 ridetur,
887 3891 918 3938 ut
968 3882 1278 3955 temporumjuourrdam
1294 3883 1509 3939 contentionem.
1531 3880 1582 3937 llln
1595 3882 1674 3953 quasi
1686 3888 1775 3937 mater

116 3976 244 4033 iordanis
266 3985 356 4033 ortum
374 3990 455 4047 quern
481 3975 546 4031 alibi
570 3974 748 4045 promisimus
758 3972 785 4040 b,
810 3973 918 4045 aperia-
967 3977 1085 4035 lecunda
1101 3979 1192 4035 omnia
1206 3988 1301 4035 creat:
1316 3977 1414 4034 horum
1437 3977 1585 4049 temperies
1607 3977 1684 4047 quasi
1701 3977 1774 4033 bona

117 4084 196 4126 mus:
212 4083 275 4125 nam
289 4068 440 4141 superioris
456 4068 506 4125 mvi
518 4067 619 4135 dubio,
636 4077 726 4123 utrunr
742 4066 777 4123 de
791 4066 852 4125 lanu
864 4066 918 4127 Ge·
969 4074 1073 4141 nutrix,
1087 4073 1162 4129 nrolli
1173 4071 1231 4130 fetu
1241 4072 1371 4129 universa
1387 4073 1496 4129 educat.
1508 4071 1602 4143 ltaque
1613 4086 1667 4127 non
1682 4069 1773 4127 solum

117 4178 208 4231 nesar,
220 4162 321 4220 flumen
333 4165 376 4219 coi
397 4176 496 4219 nomen
509 4160 652 4226 iordanis,
664 4145 839 4229 exoriretur,
853 4161 919 4217 Plri-
970 4167 1074 4224 allatim
1087 4176 1254 4242 generantur
1265 4181 1408 4239 pommom
1422 4166 1609 4232 diversitates,
1627 4165 1677 4222 sed
1690 4166 1773 4222 etiam

117 4260 208 4331 lippus
223 4258 376 4315 tetrarches
386 4254 589 4315 Traclronitidis
609 4256 730 4329 regionis
743 4254 841 4312 salsam
860 4256 919 4329 opi·
969 4271 1186 4331 conservantem
1211 4274 1241 4319 ut
1258 4262 1351 4335 aliqua
1365 4276 1466 4334 genera
1489 4261 1608 4318 maxima
1618 4269 1698 4333 parte
1709 4259 1775 4317 anni

117 4356 227 4411 rrionem
252 4352 416 4424 redarguit,
437 4365 616 4421 erroremque
647 4350 788 4419 absolvit,
807 4350 919 4409 mittens
970 4370 1026 4411 non
1040 4354 1185 4413 deliciunt:
1206 4355 1309 4428 reliqna
1322 4356 1414 4412 omnia
1437 4362 1493 4413 tota
1507 4355 1571 4411 anni
1585 4362 1666 4411 atate
1687 4368 1775 4425 usque

118 4447 211 4519 paleas
226 4447 252 4502 ιιι
265 4444 401 4514 Phialam,
415 4460 484 4518 quas
495 4445 523 4499 irr
536 4442 642 4499 Pannio
659 4442 759 4499 duvios
783 4443 918 4500 ebullivit.
969 4448 1004 4506 ad
1019 4448 1101 4505 linum
1122 4449 1271 4521 supersim.
1298 4448 1367 4505 itam
1385 4459 1415 4505 et
1429 4464 1490 4504 uum
1503 4457 1532 4506 ιι
1548 4448 1616 4503 deus
1628 4461 1689 4518 quae
1710 4454 1776 4503 sunt

118 4543 196 4601 llnde
211 4543 295 4613 liquet
309 4558 363 4599 non
378 4540 519 4597 exordium
532 4554 594 4596 esse
608 4537 738 4594 iordanis
750 4536 777 4594 in
792 4536 917 4607 Pannio,
969 4543 999 4599 ln
1014 4543 1144 4611 insitivis,
1157 4542 1260 4613 regalis
1276 4542 1420 4613 cujusdam
1432 4541 1540 4613 gratioe,
1553 4540 1649 4598 decem
1674 4540 1777 4597 mensi·

118 4636 165 4693 scd
179 4636 322 4693 duantum.
337 4634 397 4691 Non
411 4634 484 4691 enim
499 4632 537 4688 ibi
556 4631 620 4689 lons
631 4632 692 4703 ejus
706 4641 759 4697 ost,
773 4640 803 4687 ιι
822 4632 857 4688 ah
872 4646 917 4699 eo,
971 4636 1023 4694 bos
1038 4637 1164 4694 sineollo
1177 4636 1287 4694 deiectu
1307 4636 1485 4704 redundant,
1503 4645 1532 4693 ct
1547 4636 1645 4709 reliqui
1670 4636 1776 4693 tructus

119 4736 340 4785 usuoteterorurtt
357 4727 500 4784 fluminum
519 4725 653 4797 Goepel'ii:
668 4724 717 4781 sed
731 4723 766 4781 de
778 4724 873 4781 Phiala
889 4725 917 4781 in
930 4712 957 4776 Ῑ)
970 4745 1108 4789 pomorum
1124 4773 1132 4798 ‚
1147 4746 1215 4804 quus
1232 4730 1277 4787 qul
1301 4729 1429 4788 uiolentia
1455 4745 1518 4787 pugg
1540 4739 1640 4801 sponte
1663 4731 1775 4804 propria

118 4820 224 4879 'dracho
238 4820 335 4879 endem
348 4820 539 4878 subterraneis
553 4819 693 4876 derivatus
713 4818 861 4887 meatibus,
879 4817 916 4874 ibi
969 4824 1163 4896 persuaserint,
1181 4824 1226 4881 vel
1243 4822 1469 4896 ingeneraverint
1492 4823 1627 4881 industria
1642 4824 1774 4893 bumana,

116 4914 217 4971 iterum
232 4915 310 4987 quasi
324 4913 385 4971 lons
397 4915 521 4981 scaturit,
533 4922 614 4983 atque
623 4926 766 4983 emergens
778 4911 915 4984 proditur.
969 4916 1154 4974 ministerium
1177 4932 1257 4973 suom
1271 4958 1279 4985 ,
1295 4916 1348 4973 nisi
1363 4917 1443 4973 novis
1463 4916 1698 4985 succedentibus,
1724 4932 1776 4973 ιιι

120 5006 169 5065 Est
182 5018 272 5064 autem
288 5006 382 5063 Phiala
397 5006 424 5062 itt
446 5004 640 5062 Trachorrltide
658 5013 740 5072 terra,
756 5010 865 5060 centurn
875 5003 916 5059 ιι·
968 5009 1088 5083 quodum
1102 5009 1356 5067 administrantium
1378 5008 1509 5067 deserere
1528 5018 1712 5067 norinorum.
1732 5007 1776 5065 ad

120 5100 186 5173 giuti
202 5098 430 5171 interiacentibus
445 5096 654 5169 stabimusque
668 5094 703 5152 ad
718 5094 813 5153 urbem
824 5094 915 5153 Caest·
969 5103 1155 5160 hancnaturre
1165 5101 1334 5160 fertilitatem
1355 5109 1384 5159 et
1397 5102 1471 5159 aeris
1487 5102 1660 5173 temperiem,
1671 5099 1778 5159 accedit

119 5208 208 5250 ream.
225 5191 327 5249 Phialen
340 5200 431 5248 autem
453 5205 553 5247 nomeu
567 5200 578 5229 ι
593 5203 656 5261 spes
670 5188 765 5256 dedit,
780 5190 859 5261 quasi
871 5204 916 5245 ro-
968 5204 996 5253 ut
1007 5193 1091 5252 iuntiu
1104 5194 1213 5267 guntin,
1237 5194 1284 5265 qui
1308 5202 1488 5250 momontum
1504 5194 1644 5265 pugionem
1665 5190 1776 5263 gemuit
1805 5226 1808 5233 .

121 5294 154 5343 tn
167 5286 323 5358 qualitatem
335 5282 491 5355 exprimens
506 5325 514 5348 ,
529 5281 601 5355 quod
617 5282 655 5338 ita
670 5281 770 5353 iugiter
782 5282 863 5354 plena
875 5291 918 5340 est
975 5289 1094 5361 quadam
1120 5288 1216 5360 irrigat
1240 5286 1397 5351 inlusione,
1417 5286 1588 5359 Gapernaom
1613 5299 1713 5342 nomen
1726 5282 1753 5339 ei
1768 5324 1776 5349 ,

120 5396 271 5449 aquarum,
288 5389 319 5437 ut
332 5392 421 5449 neque
433 5374 619 5447 superfluant,
636 5391 687 5432 nec
709 5392 804 5433 rursus
827 5375 920 5447 aliqua
972 5396 1053 5454 qoam
1067 5380 1121 5437 Nili
1139 5380 1395 5449 numinianum,
1412 5378 1485 5435 baud
1508 5377 1646 5449 snperdoo
1664 5374 1775 5448 quidam

121 5475 238 5534 derivari
268 5472 421 5531 minutione
454 5470 652 5541 intelligantur.
680 5468 797 5525 lnlerios
830 5469 920 5541 itaque
970 5473 1263 5530 aestimaverrrntanon
1279 5474 1368 5529 solnm
1390 5471 1456 5544 quia
1470 5470 1581 5543 irriguis
1598 5483 1662 5523 arra
1672 5467 1776 5537 opima,

120 5583 248 5628 mensura
259 5568 377 5640 quadani
392 5566 493 5623 labitur
507 5579 589 5637 aqua,
606 5573 634 5619 et
644 5561 692 5619 ubi
707 5562 838 5619 Pannium
853 5572 894 5620 est
911 5604 918 5631 ,
970 5582 1066 5625 nerum
1080 5568 1163 5625 etiam
1174 5567 1238 5640 quia
1253 5566 1411 5639 huiusmodi
1431 5574 1507 5623 creat
1519 5564 1634 5637 piscem,
1649 5571 1679 5619 ut
1694 5577 1776 5618 cora-

121 5680 216 5723 rursus
226 5662 324 5722 ebullit
339 5703 348 5731 ,
363 5669 394 5717 ut
415 5658 502 5731 paleis
522 5654 732 5729 resurgentibus
763 5654 921 5713 manifesta·
972 5660 1066 5717 einum
1082 5671 1182 5733 potes,
1207 5659 1297 5733 quiin
1312 5659 1501 5717 Alexandrino
1526 5657 1631 5713 lacuex
1643 5653 1696 5711 llili
1707 5655 1780 5711 inlo-

122 5766 177 5817 tum
187 5765 241 5816 est.
256 5754 295 5813 lta
309 5752 347 5810 ibi
366 5752 494 5810 iordanis
514 5750 700 5809 resurrexisse
721 5748 845 5821 proditos
859 5758 920 5820 cst,
970 5748 1778 5828 sionereperitur.Locosquoquedenominelacusdictust

158 5864 566 5993 ιῇιιιιιιιιιιιιιιιιιιιιιιι.
592 5912 603 5933 ,,
1019 5866 1065 5930 eg
1100 5867 1233 5946 auggg.
1274 5908 1316 5938 ⁴3,
1344 5894 1383 5907 ,,
1439 5894 1443 5914 ,
1491 5887 1503 5903 ..

160 5938 173 5981 ι
218 5936 326 5993 lmlrttttt
337 5928 385 5991 tri.
402 5930 425 6000 i,
441 5944 503 6003 capr
517 5926 563 5991 ιιιι
578 5930 616 5989 lb·
1022 5930 1035 5971 t
1076 5931 1171 5987 corint
1186 5926 1328 6000 repentine
1341 5916 1461 5990 ιιιιιιιιι,
1477 5931 1514 5990 ιιι
