4075 6359
316 249 388 313 atti
815 240 1091 305 cduusnutttttts
1108 242 1142 303 ΙΝ
1160 238 1309 305 cannuca
1328 242 1467 303 canate.
1634 300 1646 317 ,
1909 236 1956 297 li‘d

315 370 412 443 pavita
425 366 570 439 juventute
582 381 640 422 sua.
649 364 705 423 ilos
717 362 786 420 altos
796 361 982 436 acproiundos
993 360 1117 418 ubertate
1131 374 1155 435 Α
1170 360 1308 432 myrrham
1318 358 1391 416 enirn
1402 356 1542 431 passionis
1551 349 1957 424 unguentumetresurrertina

316 462 449 519 damnine
475 462 562 533 pascit
588 459 717 515 barnuinus
747 456 906 511 celestibus
928 453 1118 509 sacramentis.
1168 454 1255 525 pratia
1270 452 1511 521 declaratumque
1523 447 1694 507 redivivum
1708 442 1957 499 ritaeodurrrusaat

352 558 398 615 65.
422 554 577 630 (versib.)
598 552 673 608 Oculi
696 566 803 625 quiaque
817 554 875 624 ejas
897 547 1118 603 sirntaolunriaa.
1170 546 1235 602 tatis
1249 556 1419 603 mortuorum
1433 543 1591 603 uisceribus
1606 539 1753 598 infundit.
1767 536 1869 593 Clausa
1879 538 1958 607 nupt

317 648 395 707 Oculi
410 660 474 705 sunt
486 647 535 702 uiri
549 645 673 702 uidelicet
685 642 871 715 spiritualibus
882 641 970 697 ornati
979 640 1118 704 sensibus,
1170 647 1215 696 tur
1235 640 1368 697 labiorum
1388 639 1462 697 iores
1481 648 1615 702 tuorrna,
1643 645 1676 693 et
1699 634 1861 691 obserata·
1881 646 1959 689 nunu

316 743 363 815 qui
379 743 411 799 ad
426 741 544 798 ridenda
559 740 688 814 mysteria
703 749 767 795 sunt
783 742 869 805 acuti,
881 744 909 793 nt
923 736 1010 808 parati
1026 735 1060 791 ad
1074 750 1121 807 pe·
1170 732 1246 790 roais
1269 733 1450 801 uestibulum,
1464 742 1531 789 tune
1554 731 1687 789 tortasse
1711 725 1900 792 resenadum
1919 743 1960 782 a·

317 834 447 892 netranda
466 834 737 905 Soriptrrrausecreta
761 832 874 898 divina,
901 829 1028 887 rationali
1049 829 1120 886 lacte
1171 826 1292 885 audieris
1306 826 1426 885 Verbum
1451 827 1511 884 Dei.
1536 826 1620 883 'lune
1651 823 1707 880 tibi
1734 816 1852 894 myrrha
1872 820 1961 888 samer,

314 929 461 1001 fulgentes,
477 929 504 983 iu
520 927 620 999 quibus
645 942 698 981 non
722 926 758 981 sit
780 924 869 997 aliqua
894 922 951 979 dall
980 922 1120 980 maculosa
1172 930 1237 977 tuno
1250 920 1301 976 tibi
1328 919 1500 990 baptismus
1523 917 1669 989 aspirabit
1695 916 1814 988 gratim
1838 923 1867 968 ut
1885 913 1963 968 abele

315 1022 456 1088 eortiusia,
482 1022 531 1079 scd
554 1019 685 1093 simplicis
704 1019 818 1076 allectus
840 1017 1014 1075 irnnraculata
1033 1016 1124 1072 sinee-
1173 1013 1274 1070 mentis
1300 1012 1394 1070 mundi
1428 1014 1640 1081 comanoriare,
1665 1018 1702 1067 et
1727 1024 1797 1065 curn
1825 1005 1921 1063 cnrnn
1937 1022 1963 1063 rt·

314 1116 465 1175 ritasldeo
476 1116 501 1172 in
512 1130 644 1187 aquarum
660 1113 826 1171 abundantia
838 1114 908 1170 lotas
923 1112 971 1169 lias
981 1110 1122 1168 columbas
1172 1123 1279 1180 surgas.

316 1210 343 1266 ia
355 1208 426 1265 laete
446 1209 618 1274 nternorarit,
636 1206 733 1263 dicens
748 1227 755 1260 :
1209 1201 1254 1259 66.
1269 1199 1283 1239 ‘¹
1298 1200 1448 1276 daliaejss
1466 1200 1628 1257 distilmtia
1638 1196 1795 1271 myrrham
1814 1196 1915 1267 ρίιιιιιι.
1930 1195 1963 1249 ia

351 1301 399 1359 dl.
414 1310 428 1341 ¹
444 1302 520 1359 Oculi
535 1304 593 1377 ejus
607 1301 676 1357 siant
696 1298 822 1356 caluaria
840 1317 920 1371 saper
934 1298 1123 1355 abundantiam
1172 1305 1265 1353 autent
1285 1296 1389 1353 otiosos
1411 1309 1462 1351 tros
1475 1303 1620 1366 putamus,
1647 1294 1673 1349 si
1697 1292 1796 1348 verbo
1816 1288 1963 1344 tantummdo

315 1410 458 1466 manunt,
474 1393 533 1449 lotae
545 1393 572 1447 ia
593 1393 671 1459 lacte,
687 1392 801 1447 sedentis
818 1406 896 1461 saper
920 1390 1122 1461 plenitudinem.
1173 1389 1283 1447 studere
1292 1389 1453 1445 uideamur:
1468 1397 1498 1445 et
1508 1388 1596 1459 pluris
1608 1387 1806 1445 aestimamus
1819 1398 1869 1441 eoa
1881 1385 1964 1455 auiae

317 1486 478 1557 Baptiantiu
494 1486 564 1542 laete
581 1485 724 1551 Durnlrrus,
741 1484 768 1539 id
782 1494 835 1551 est,
847 1482 879 1539 in'
894 1484 1065 1539 sinceritate.
1090 1482 1126 1539 Et
1174 1490 1280 1549 rantur,
1295 1494 1376 1552 quarn
1386 1479 1491 1551 eosqui
1501 1478 1625 1536 studium
1641 1475 1869 1551 cognoscendae
1879 1476 1964 1531 sams

316 1578 362 1636 isti
375 1587 439 1634 sunt
450 1578 497 1651 qni
511 1592 576 1634 acre
592 1578 765 1649 baptizantur
787 1578 814 1632 in
828 1578 909 1645 iactr,
925 1578 971 1650 qui
986 1576 1047 1633 sirie
1059 1575 1124 1632 dolo
1174 1586 1315 1640 aserenan
1329 1574 1424 1631 dicuat
1435 1574 1508 1631 enirn
1519 1574 1663 1646 plerique:
1681 1572 1769 1629 Ecce
1778 1570 1868 1627 nomo
1880 1580 1905 1627 et
1914 1587 1963 1641 mm

318 1670 447 1738 credunt,
460 1680 489 1727 et
500 1687 594 1743 puram
618 1668 699 1727 tidem
714 1670 853 1737 deterunt,
871 1676 900 1727 ut
918 1669 1124 1727 immaculatam
1175 1669 1235 1740 ejus
1250 1684 1259 1723 ε
1274 1669 1353 1741 quasi
1375 1668 1421 1740 qui
1440 1667 1524 1724 aerbo
1540 1666 1674 1734 studeat,
1692 1680 1761 1722 noa
1778 1675 1963 1736 operataue·

320 1764 436 1821 induant
455 1766 583 1837 aratiam.
612 1765 676 1822 ldeo
691 1764 806 1822 cartdida
820 1765 927 1837 Sponsa
945 1764 1072 1823 aseendit
1089 1763 1124 1820 ad
1139 1763 1264 1844 pmaais
1283 1776 1351 1833 opus
1364 1760 1435 1817 istud
1459 1776 1540 1832 quam
1555 1772 1660 1818 catera
1685 1757 1767 1817 sint.
1783 1760 1818 1817 st
1844 1763 1911 1815 enim
1924 1776 1962 1828 aps

321 1854 472 1926 Christum,
488 1858 551 1930 quia
566 1858 593 1914 in
609 1859 680 1916 lacte
693 1858 827 1931 baptizata
848 1870 902 1925 est;
915 1857 977 1915 idco
989 1858 1125 1915 mirantur
1172 1855 1278 1929 justitia
1292 1862 1351 1919 est,
1364 1856 1387 1909 si
1409 1868 1480 1925 opus
1490 1854 1695 1925 temperantia,
1712 1854 1740 1910 si
1763 1868 1846 1925 opus
1857 1852 1963 1908 lortitan:

320 1964 382 2008 eam
411 1950 536 2018 uirtutes,
558 1951 682 2009 dicentes
697 1969 704 2005 :
721 1952 835 2020 Quarta
863 1952 918 2007 liar
932 1966 990 2021 aaa
1008 1950 1125 2008 ascendit
1175 1946 1497 2017 utiqueopusestetiam
1512 1946 1665 2017 sapientia;
1699 1948 1775 2001 istac
1796 1945 1876 2001 cai·
1894 1959 1963 2015 nura

319 2041 440 2101 dealbata
450 2042 546 2114 (Cant.
558 2045 642 2113 vinni
656 2043 687 2116 li
700 2045 773 2101 Arate
790 2043 930 2115 paululum
942 2042 1061 2109 dicebat,
1074 2041 1128 2097 lli·
1176 2041 1344 2114 principales
1353 2042 1471 2098 uirtutes
1481 2040 1628 2099 babentur.
1643 2042 1721 2097 Natu
1732 2043 1761 2097 si
1768 2044 1962 2113 operamrttn

315 2152 364 2205 pra
374 2134 527 2210 suurldant.
540 2153 560 2203 t,
592 2137 616 2209 is
628 2152 700 2193 nunc
711 2136 977 2205 dealbatacernitur,
988 2147 1016 2193 ot
1028 2150 1125 2193 aseen-
1177 2145 1221 2193 tus
1238 2136 1388 2193 seruandum
1401 2135 1474 2209 quod
1487 2136 1595 2207 iustitia
1613 2147 1669 2198 est,
1683 2136 1802 2207 utique
1821 2146 1963 2206 operatus

321 2228 362 2285 dit
374 2228 408 2285 ad
421 2230 531 2295 carlum,
546 2238 574 2285 et
587 2230 679 2286 innixa
688 2228 845 2295 lleillerlrn,
858 2230 978 2301 alteiam
991 2237 1125 2299 penetrat.
1176 2230 1296 2288 cundum
1309 2231 1381 2304 quod
1395 2230 1514 2289 Verbum
1529 2240 1583 2289 est.
1604 2231 1641 2287 Et
1653 2232 1850 2302 operabatur
1861 2248 1916 2286 aaa
1925 2245 1962 2286 aa

357 2321 402 2379 65.
419 2320 475 2379 Nee
497 2322 636 2379 immerito
656 2323 711 2381 illic
728 2336 859 2394 aquarum
878 2321 1059 2389 abundantia,
1080 2321 1126 2378 ulti
1178 2327 1206 2383 in
1220 2326 1355 2398 principia
1367 2325 1439 2397 apud
1454 2324 1574 2382 Patrem.
1589 2325 1723 2397 lienique
1736 2340 1798 2396 per
1812 2326 1962 2397 ipsuum

321 2414 462 2482 Christus,
488 2415 560 2471 unde
583 2430 662 2472 ruens
682 2414 801 2471 bumana
822 2414 923 2487 repleri
947 2414 1051 2487 cupiat.
1071 2413 1127 2471 llas
1176 2417 1332 2484 lactarunt,
1347 2418 1804 2489 utseiasoperatoremoruninrn
1817 2428 1962 2488 essentne

317 2510 377 2566 sitit
391 2524 744 2584 aqrraseurvus,quascu1u
758 2510 1126 2583 biber·it,sitirenonpossit.
1178 2522 1300 2568 nostrum
1326 2526 1388 2568 esse
1411 2510 1552 2568 Christum
1565 2510 1674 2567 lesum.
1702 2512 1833 2569 Etenim
1858 2514 1960 2569 secudu

323 2603 379 2661 llas
391 2616 476 2675 aquas
499 2604 588 2659 sitivit
610 2602 748 2674 Propheta
762 2618 823 2659 curn
851 2603 930 2659 dixit:
955 2602 1043 2661 Sitirit
1057 2604 1085 2657 in
1104 2612 1129 2657 te
1178 2604 1252 2672 <pund
1266 2603 1445 2670 lierbunrost,
1455 2602 1575 2660 ilerlrurn
1583 2603 1822 2674 iniquirentibus,
1832 2606 1960 2677 grandes!

321 2697 409 2751 aniate
434 2696 510 2767 ntea(
524 2694 626 2752 Psalm.
649 2712 704 2763 att,
733 2697 782 2767 5).
810 2695 894 2755 Sedet
916 2711 982 2768 crgo
1000 2695 1128 2753 Christus
1180 2698 1297 2755 Verbnnr
1312 2710 1364 2755 est.
1380 2697 1459 2755 Unde
1477 2712 1540 2753 cum
1556 2696 1663 2753 llartlra
1684 2698 1858 2757 lestirraret
1871 2700 1961 2755 cuno

320 2804 402 2862 super
412 2782 767 2862 abundantiamaquirruru,
780 2800 807 2845 et
823 2805 906 2861 super
917 2788 1126 2859 plenitudinem,
1178 2793 1332 2861 pistorium,
1350 2794 1434 2849 itania
1450 2803 1542 2850 numm
1557 2792 1679 2851 Varbrnn
1696 2794 1828 2851 Domini
1843 2795 1962 2852 andiaco

318 2894 346 2939 et
370 2882 432 2939 iden
446 2887 493 2955 qui
518 2885 636 2957 baptizat
660 2886 687 2940 in
703 2874 771 2955 anua
793 2886 869 2941 dicit:
887 2883 923 2939 Et
936 2902 984 2940 aar
996 2901 1084 2942 amares
1096 2884 1129 2941 de
1178 2901 1239 2955 auae
1251 2885 1378 2942 audiebat
1392 2888 1417 2941 ei
1439 2902 1500 2956 quae
1517 2885 1697 2943 mittistraltat
1713 2890 1837 2945 meruit
1862 2888 1960 2944 sutrim

320 2976 541 3049 plenitudinceias
555 2980 703 3046 accepimus
726 2975 815 3052 (donn
830 2994 849 3045 t,
863 2980 917 3051 16).
933 2978 1009 3041 Unde
1020 2989 1049 3035 et
1064 2996 1129 3036 ocu·
1177 2979 1280 3036 dicenti
1295 2981 1369 3036 enim
1383 2978 1496 3035 ttarrna
1508 2976 1716 3047 :Darrrirre,aon
1727 2992 1775 3037 est
1786 2982 1842 3035 riti
1854 2989 1961 3045 careat

321 3074 365 3127 lus
379 3074 573 3144 suppliciorum
593 3074 770 3130 uorralienus
791 3080 834 3127 est
849 3077 884 3127 ab
914 3071 1049 3136 Ecclesias
1064 3074 1128 3144 quia
1179 3089 1253 3129 saror
1268 3090 1324 3127 area
1346 3073 1448 3142 reliquit
1462 3073 1598 3129 mesolaru
1616 3074 1805 3132 ministrare?
1821 3070 1961 3142 vicani

322 3174 374 3229 etsi
384 3168 539 3239 ltaptiaabat
551 3167 672 3225 loannes
683 3166 711 3223 ia
723 3168 810 3235 Euan,
825 3166 1067 3238 baptizabatjusta
1078 3168 1165 3239 Suc
1181 3174 1209 3220 ut
1221 3183 1261 3221 sne
1274 3166 1390 3238 adiuuet·
1412 3164 1582 3236 respondens
1600 3166 1672 3221 (lixit
1688 3168 1865 3223 Dorulaus:
1885 3167 1955 3222 Haut

321 3266 379 3333 lim,
392 3266 437 3321 ubi
446 3274 643 3333 erataauarurn
652 3261 831 3317 abundantia.
840 3273 867 3319 et
875 3262 1017 3319 duodecim
1027 3263 1128 3331 lantes,
1182 3256 1297 3325 Martha,
1310 3256 1397 3313 diaria
1409 3258 1502 3314 iarum
1513 3266 1613 3330 partera
1622 3259 1716 3333 clepit,
1728 3276 1800 3331 arsoe
1808 3278 1866 3316 saon
1876 3261 1962 3329 asian

322 3367 350 3415 et
365 3357 538 3427 septuaginta
554 3355 706 3425 palmarum
723 3354 848 3409 arbores.
872 3353 928 3409 lios
942 3356 1033 3411 lorites
1047 3355 1129 3412 babet
1178 3347 1220 3404 t'llt'
1237 3348 1303 3421 (tin
1314 3366 1374 3416 mn,
1397 3346 1507 3421 4⁰·l2l·
1520 3348 1560 3405 ¹¹²
1579 3347 1704 3407 Verbum
1718 3366 1904 3425 0⁰8¹¹⁰⁸oeoe
1914 3364 1962 3419 ¹³1¹

324 3450 457 3513 Ecclesia,
479 3448 531 3505 ltoo
546 3453 599 3510 est,
620 3447 647 3500 in
665 3446 753 3502 ueteri
777 3445 955 3502 Testarrrento
978 3446 1127 3506 duodecim
1179 3458 1247 3516 aput
1265 3460 1425 3517 essequam
1445 3444 1614 3513 ministrare,
1633 3444 1738 3502 divinae
1753 3449 1962 3505 auctoritatate

325 3542 512 3615 patriarchas,
529 3540 556 3594 ia
580 3553 653 3593 trono
672 3538 816 3594 duodecim
840 3540 990 3609 apostotos
1011 3540 1129 3613 ideoque
1180 3539 1271 3595 tenatiae
1286 3539 1426 3596 delinitur.

322 3638 426 3693 dietant
439 3642 483 3692 cst
495 3650 502 3689 :
513 3632 548 3688 ln
559 3631 683 3689 Ecclesiis
692 3632 835 3689 benedicite
845 3632 987 3691 Dominum
1002 3634 1085 3691 llesra
1096 3636 1129 3692 de
1216 3633 1261 3690 66.
1270 3633 1327 3690 Sed
1341 3634 1459 3691 tortasse
1472 3632 1546 3689 dieat
1559 3631 1660 3705 aliquis
1672 3633 1790 3692 dictum
1807 3654 1875 3694 esse
1887 3638 1963 3705 abtpr

323 3732 437 3807 partribus
449 3728 533 3787 lsrael
554 3726 667 3802 (Paniai.
683 3744 768 3796 narrt,
781 3728 840 3801 17).
857 3728 905 3785 llis
921 3728 1043 3786 boantibus
1064 3741 1129 3787 ante
1178 3730 1252 3787 stolo
1263 3749 1271 3786 a
1284 3728 1348 3786 Non
1363 3730 1389 3784 in
1402 3746 1519 3786 sermone
1530 3746 1584 3785 esse
1598 3746 1712 3803 reanum
1725 3729 1796 3799 Dei,
1810 3734 1864 3789 sert
1873 3735 1899 3787 is
1910 3734 1963 3785 ritas

324 3821 509 3897 pertundam,
524 3821 688 3892 atticumque
705 3822 834 3893 cayster-ia
849 3833 1131 3879 sacrosanctaeonse·
1180 3824 1205 3895 (l
1216 3822 1277 3879 Cor.
1294 3840 1332 3893 rr,
1347 3822 1405 3897 2⁰).
1421 3822 1560 3895 Scriptum
1576 3838 1632 3879 noa
1647 3838 1734 3895 aaran,
1752 3826 1812 3883 sed
1830 3828 1861 3882 in
1876 3843 1922 3898 qua
1932 3836 1963 3877 :e

317 3918 423 3988 quirun
440 3916 483 3971 isti
498 3913 572 3970 caim
590 3911 680 3968 iorrtes
695 3928 729 3969 ex
744 3923 850 3969 aterno
869 3912 946 3970 tonte
967 3924 1126 3982 nranantes,
1180 3932 1273 3987 morte,
1287 3931 1436 3988 captiosam
1452 3932 1552 3989 rrenrpe
1565 3933 1649 3989 queat
1664 3916 1785 3975 inllatns
1801 3920 1927 3977 enatent
1941 3913 1962 3974 :t'

320 4021 379 4069 tota
392 4010 460 4067 orbe
471 4009 620 4065 duxerunt.
639 4006 689 4064 Ubi
702 4006 747 4063 isti
763 4007 862 4075 iorrtes,
876 4007 914 4065 ibi
925 4008 1053 4065 ascensio
1067 4010 1128 4065 sai·
1179 4010 1354 4069 audientibus
1372 4026 1464 4068 serron
1476 4012 1612 4084 prodesse
1623 4029 1680 4069 noa
1696 4016 1807 4085 possit,
1824 4018 1877 4087 ani
1889 4020 1962 4072 drea

323 4122 440 4163 utrarum.
463 4103 586 4175 Denique
610 4100 694 4158 Saliru
725 4102 898 4175 interpretati
922 4114 1009 4171 sant,
1039 4105 1127 4175 ipsum
1179 4106 1305 4163 tensione
1318 4107 1354 4163 sit
1375 4106 1487 4178 spiritus
1502 4114 1585 4177 atque
1597 4106 1722 4163 uirtutis.
1745 4108 1962 4167 ttunemna

319 4200 527 4266 ascendentem
551 4195 598 4253 ille
618 4198 691 4254 culm
712 4212 777 4253 vero
799 4196 992 4266 ascerrdit,qui
1015 4200 1128 4270 propria
1179 4197 1342 4257 Paulasnoa
1362 4200 1489 4272 dignatur
1512 4213 1695 4271 cognoscere
1725 4202 1794 4259 uult
1815 4204 1894 4260 enim
1912 4198 1964 4270 aad

323 4304 434 4367 peccata
451 4288 732 4363 deponitllueipitur
755 4288 860 4362 1002
875 4288 1129 4361 verbopuriiloato·
1179 4294 1308 4349 virtutem
1332 4293 1469 4351 sermonis
1491 4292 1699 4351 commendare.
1727 4294 1866 4369 Denique
1889 4294 1964 4351 ruba

322 4386 372 4443 rim
385 4380 611 4442 sanctificationis
623 4396 688 4436 usus
700 4380 871 4452 exprimitur.
1179 4390 1261 4447 talern
1274 4405 1354 4447 suurn
1367 4404 1430 4447 esse
1450 4390 1599 4462 aposlum
1611 4404 1793 4458 sermonem,
1809 4392 1862 4463 qui
1883 4392 1909 4447 ia
1918 4386 1964 4443 iria·

358 4489 403 4546 66.
421 4488 514 4561 (Vera.
530 4486 574 4543 15.
588 4483 599 4557 i
612 4483 626 4523 b
638 4482 717 4539 dena
732 4486 789 4558 ejus
803 4484 873 4539 siant
883 4484 979 4555 piriala
991 4487 1126 4555 amantis,
1181 4484 1274 4541 raritate
1289 4483 1427 4550 ueniebat,
1436 4483 1546 4541 utalios
1560 4482 1667 4542 iaceret
1682 4483 1842 4542 tortiores:
1859 4486 1886 4541 ia
1900 4486 1964 4541 tiana

324 4584 456 4654 piprrentes
477 4577 662 4651 arrpnentaria.
680 4576 741 4633 lanu
756 4592 841 4649 petras
855 4587 884 4634 et
902 4586 1001 4635 caetera
1024 4578 1126 4636 intelli-
1141 4576 1207 4639 Det
1220 4587 1351 4648 tremore,
1368 4586 1399 4635 ut
1413 4577 1541 4635 tirnentes
1552 4578 1622 4635 nibil
1636 4586 1817 4646 metuerent,
1836 4577 1965 4637 nisibeni

327 4671 1125 4746 pirrrusanimauesserirtutes,doctorumquediversitates:
1178 4672 1980 4747 nuurlesum;trementes,pacsmejustranquillitatemque¹

326 4768 373 4839 nni
396 4765 438 4821 vel
459 4764 612 4836 spiritalem
635 4764 721 4821 ruerrti
740 4764 898 4822 alimoniam
922 4766 1128 4839 dispensatione
1177 4778 1328 4826 seruarent.
1352 4768 1423 4825 Audi
1444 4783 1511 4840 ergo
1525 4769 1634 4839 qualem
1653 4768 1817 4839 Apostolus
1840 4778 1965 4827 senonas

326 4855 420 4913 sellula
431 4856 648 4923 subministrent,
665 4857 706 4910 rel
719 4855 914 4926 praedicatione
929 4858 1021 4915 erucis
1036 4860 1128 4917 linari-
1179 4862 1315 4919 babebat:
1333 4860 1367 4917 aa
1381 4877 1475 4927 semro,
1500 4861 1600 4932 lnquit,
1617 4874 1705 4929 nnus,
1720 4870 1748 4916 et
1761 4862 1920 4932 predicatio
1932 4871 1965 4909 u

329 4946 474 5003 intensioni
484 4944 772 5016 Verbiquadaurlinea
782 4948 894 5019 alligent
904 4949 1074 5019 audientem,
1086 4954 1128 5011 tel
1180 4971 1230 5011 non
1243 4957 1271 5011 in
1285 4956 1453 5027 persuasione
1462 4952 1584 5010 lwranoe
1595 4953 1735 5025 sapientiae
1744 4953 1966 5021 ostentamina

291 5032 292 5037 ’
328 5040 460 5098 modestia
482 5039 627 5097 verecundi
654 5048 682 5096 et
703 5038 856 5111 juventutis
875 5042 942 5099 llore
966 5045 1126 5115 gratissimi.
1180 5050 1325 5105 ostensione
1335 5048 1446 5121 spiritus
1455 5056 1480 5103 et
1494 5045 1645 5119 airtstislll
1655 5045 1719 5103 Cor.
1734 5063 1768 5116 u,
1781 5049 1833 5121 l);
1846 5046 1965 5121 anullo·

327 5136 385 5193 Etsi
399 5152 414 5192 a
431 5144 505 5191 tactu
523 5134 626 5204 pudure
651 5143 827 5201 reuocentur,
845 5135 968 5193 redoleat
984 5147 1075 5195 tamen
1099 5140 1127 5197 in
1180 5156 1234 5198 non
1250 5142 1278 5196 ia
1293 5140 1394 5198 iorensi
1407 5154 1535 5199 sermone
1549 5138 1705 5211 sapientiae,
1719 5138 1774 5198 scd
1788 5138 1965 5198 inostensirae

329 5228 371 5286 lna
386 5229 454 5285 odor
473 5226 593 5284 Glaristi:
617 5237 645 5283 st
665 5226 737 5282 sicut
751 5227 779 5281 ln
800 5228 878 5299 genis
892 5229 970 5300 quasi
985 5229 1021 5286 de
1038 5232 1128 5303 capite
1178 5236 1302 5309 spiritus,
1318 5235 1404 5292 sedin
1420 5234 1469 5292 bei
1482 5234 1582 5290 uirtute
1595 5231 1734 5289 drauatur.

325 5319 490 5379 sacerdotali
500 5317 830 5391 descenditunguentum,
846 5320 886 5377 sic
898 5321 960 5377 etia
970 5321 1128 5380 laiseluceat
1215 5329 1262 5384 ib.
1278 5328 1348 5397 tran
1362 5326 1390 5383 iu
1400 5338 1530 5383 sermone
1541 5336 1703 5383 sartatoraru
1715 5325 1875 5394 virtusest,
1890 5326 1915 5381 in
1926 5337 1967 5379 sa·

326 5414 501 5487 Pllclll5¹¹¹d⁰
520 5412 664 5469 (¹⁰⁰¹lissffl·
1178 5436 1261 5479 mone
1285 5429 1377 5477 autent
1400 5417 1506 5476 sorensi
1530 5418 1585 5475 isto
1607 5426 1637 5475 et
1663 5416 1863 5489 philosophico
1883 5417 1966 5472 nnus

362 5510 406 5567 67.
429 5520 441 5550 ·
457 5507 540 5564 labia
551 5510 607 5581 ejas
621 5508 776 5565 distillantia
788 5508 922 5583 nryrrlram
946 5509 1058 5582 plenam.
1077 5511 1130 5570 Per
1183 5512 1289 5570 rnundi.
1303 5512 1536 5569 Virtutemautem
1548 5525 1612 5569 esse
1626 5511 1655 5567 in
1669 5524 1804 5568 sumone
1817 5520 1964 5571 sanctoruni

360 5746 415 5804 tln
429 5744 497 5817 psal.
517 5759 611 5812 armar,
625 5756 708 5800 serat.
723 5741 773 5810 16,
787 5758 862 5800 nunt.
885 5740 932 5801 11.
1213 5755 1225 5785 ⁰
1241 5742 1269 5801 ln
1283 5743 1353 5816 psal.
1368 5757 1556 5813 curat,serat.
1572 5742 1617 5810 16,
1635 5756 1711 5799 auor.
1722 5738 1771 5797 ἥ.

358 5818 372 5861 l
390 5819 419 5881 la
436 5815 929 5901 psal.nsrrrr,ssror.15,ouru.ll.
1211 5814 1268 5872 tin
1281 5816 1350 5889 psat
1373 5831 1476 5886 carran,
1502 5830 1586 5873 wrm.
1600 5815 1648 5885 ll,
1671 5828 1748 5871 nnat.
1769 5812 1817 5870 11.
