4075 6359
270 328 340 388 stol
963 321 1086 380 ssdctl
1104 321 1267 382 abundat!
1862 323 1925 383 ii&

265 456 317 499 uec
334 440 478 500 Simonem
489 439 683 500 accersissem!
697 438 753 497 lieo
766 439 829 498 linis
843 437 917 496 ullus
929 437 1069 496 adhibitus
1082 422 1107 480 Α
1120 453 1216 496 omnes
1226 435 1318 511 gladio
1330 450 1376 493 me
1388 434 1562 510 tnushgantl
1576 436 1652 511 qnod
1663 437 1765 494 virens
1780 449 1834 493 non
1847 439 1924 509 pot-5,

266 543 351 590 tautae
373 534 541 592 crudelitati.
562 533 692 591 iacebant
712 531 800 590 adbuc
820 547 882 589 cum
902 543 978 604 patre
995 531 1071 589 inse·
1121 541 1228 592 manua
1245 533 1341 591 saltent
1355 531 1404 589 lilii
1419 533 1474 590 mei
1489 547 1593 605 corpus
1607 544 1689 592 reste
1701 549 1765 591 mea
1779 543 1923 605 protegam.

266 631 335 702 pulti
358 629 438 688 liberi
458 648 465 689 ε
487 629 646 701 adjungitur
660 636 688 686 et
709 626 884 700 sacrilegium
909 625 1070 696 spectaculo
1121 629 1250 688 Abundat
1261 627 1342 686 onius
1355 629 1547 686 uestimentum
1558 628 1594 685 ad
1607 627 1924 700 sepulturamdoornst:

266 720 433 795 parricidali.
451 719 570 778 (inditur
586 719 708 777 Ananias
720 720 867 788 sacerdos,
878 719 953 779 claro
967 734 1070 793 genere
1120 735 1148 782 et
1161 726 1278 783 iortasse
1291 723 1434 796 qaisquam
1448 722 1569 780 hostiurn
1578 721 1772 791 miserebitur,
1786 729 1818 778 at
1829 721 1926 778 amiur

265 823 356 884 ortus,
370 815 433 872 licet
445 828 526 872 uerno
536 814 637 871 clarior
646 814 682 870 sit
694 813 844 886 splendore
852 813 973 886 generis,
985 827 1069 888 qoam
1120 819 1169 875 tilii
1184 817 1280 874 matris
1292 816 1388 874 oeulos
1399 823 1482 888 tegar,
1494 823 1523 872 et
1533 815 1633 873 oculos
1647 815 1748 883 molis,
1760 829 1860 872 uranus
1873 830 1927 871 rsa-

266 921 379 964 munere
391 905 540 980 religionis.
556 907 606 963 lllo
620 905 694 964 enim
707 906 850 964 adsentor
863 906 1003 974 nobilitas,
1015 907 1071 964 hoc
1120 912 1212 983 nibus,
1223 911 1266 968 ori
1280 926 1328 968 ora
1341 917 1499 967 connectat.
1512 908 1672 981 Proripiens
1684 909 1864 982 itaquesead
1872 925 1927 965 ιιι-

266 1017 320 1057 uon
331 999 515 1057 desideratur.
532 999 638 1058 liabent
651 1000 705 1058 sibi
715 1008 795 1058 retus
807 1000 934 1072 prosapia
946 1000 1070 1058 diuerso·
1120 1021 1178 1076 ror,
1189 1005 1290 1064 caelum
1301 1005 1389 1076 ipsum
1405 1005 1558 1063 miserabili
1572 1014 1674 1078 questu
1689 1005 1828 1077 replebat,
1844 1005 1926 1062 tuest.

264 1109 323 1151 rnm
337 1092 427 1150 lasces
442 1091 589 1162 honorum,
606 1092 710 1150 hahent
729 1101 757 1151 et
769 1092 921 1150 sacerdotia
937 1107 1002 1149 suos
1015 1092 1071 1149 las·
1120 1103 1214 1161 unane
1231 1103 1286 1170 eut,
1299 1098 1532 1158 dementissimam
1546 1117 1555 1155 ε
1569 1099 1643 1171 apud
1660 1103 1755 1158 socios
1768 1098 1924 1166 crudelium,

262 1200 327 1254 ccs,
346 1183 394 1258 qui
413 1185 565 1250 elevantur¹
578 1201 632 1243 nou
654 1186 789 1251 dolueris.
810 1185 858 1243 sed
873 1186 1017 1243 moribus:
1041 1193 1070 1245 et
1119 1194 1192 1269 ,pud
1208 1195 1302 1252 hom
1314 1192 1512 1250 misericordia,
1529 1192 1618 1267 figite
1634 1193 1750 1266 (inquit)
1761 1209 1824 1260 me,
1836 1193 1861 1249 ei
1875 1208 1924 1264 qm

263 1279 427 1336 attolluntur
450 1293 504 1337 nou
529 1280 667 1353 virgarum
686 1279 861 1352 proceritate,
878 1278 927 1336 sed
943 1279 1068 1337 laborum
1119 1295 1163 1345 est
1180 1286 1290 1361 pietas:
1313 1301 1365 1360 ego
1379 1287 1460 1359 genui
1475 1302 1557 1358 quem
1574 1285 1799 1360 persequendam
1814 1289 1924 1358 putatis.

264 1373 485 1444 perseverantia,
501 1372 565 1431 lidci
579 1373 734 1442 altitudine,
748 1371 859 1446 pietatis
869 1372 989 1444 fastigio.
1003 1372 1069 1430 Per·
1120 1383 1178 1454 [μ
1193 1381 1311 1439 titleliels
1327 1381 1411 1438 ubera
1428 1380 1493 1438 dedi
1507 1397 1515 1438 s
1529 1397 1575 1438 me
1585 1380 1775 1454 exstinguite,
1787 1380 1813 1437 si
1826 1380 1863 1437 tle
1882 1380 1925 1435 illo

265 1481 361 1524 cussus
377 1477 419 1524 cst
432 1469 515 1524 etiem
530 1467 620 1524 scriba
630 1467 764 1526 Aristeus
779 1468 861 1524 clarae
873 1467 971 1540 etipse
982 1467 1068 1540 origi·
1119 1476 1268 1535 vindictam
1280 1475 1414 1548 queritis.

265 1562 332 1618 uis:
353 1570 381 1619 et
403 1579 465 1619 cum
485 1563 552 1634 ipsis
565 1563 612 1620 alii
626 1562 660 1621 de
680 1563 758 1636 plebe
774 1562 928 1634 quindecim
942 1563 1070 1635 praeemi-
1403 1566 1520 1627 cardi
1539 1565 1635 1626 ltxttt.

264 1662 362 1712 uotrtes
374 1654 504 1723 caeteris;
524 1655 588 1712 licet
601 1655 729 1727 iniustam
743 1669 850 1724 necem,
866 1671 921 1712 riou
940 1655 1069 1714 nobilitas
1155 1665 1225 1722 llum
1240 1663 1287 1721 illa
1302 1662 1446 1736 deplorat,
1466 1677 1531 1721 ecce
1543 1663 1578 1720 ad
1593 1677 1689 1720 rocem
1705 1661 1803 1720 matris
1819 1677 1926 1733 pm.

262 1751 355 1821 iaciat,
373 1751 421 1809 sed
436 1751 602 1809 innocentia.
615 1751 846 1822 Prseoccupantur
856 1751 939 1809 etiam
953 1751 1006 1809 riri
1018 1768 1069 1809 un·
1119 1761 1155 1817 ste
1165 1759 1300 1832 implius
1311 1767 1339 1816 et
1351 1757 1453 1816 dedere
1465 1760 1547 1832 empta
1559 1757 1633 1830 quod
1645 1757 1780 1825 eraserit,
1789 1755 1836 1812 cari
1848 1757 1925 1812 dulce

264 1844 375 1912 decim,
398 1845 444 1916 qui
463 1845 565 1917 pariter
581 1845 819 1918 conspiraverant,
834 1845 965 1902 commoti
980 1845 1069 1903 scele-
1082 1825 1107 1889 Β
1120 1853 1278 1910 retentasse
1289 1851 1405 1924 patriam
1412 1850 1494 1921 meri,
1503 1858 1532 1908 et
1543 1864 1594 1923 pro
1605 1851 1704 1922 patria,
1718 1849 1785 1905 dnm
1796 1849 1923 1904 salutaria

266 1953 326 1994 rnnr
342 1937 402 2009 ejus
416 1937 574 2006 atrocitate;
593 1947 622 1996 et
638 1939 691 1995 sibi
710 1940 827 2010 quisque
846 1949 986 2007 ruretuens,
1007 1955 1069 2012 qum
1119 1945 1226 2015 suadet,
1239 1944 1430 2017 procumbere.
1439 1943 1494 2000 Sed
1502 1945 1559 2015 jans
1570 1959 1626 1999 ooo
1641 1957 1691 2015 pro
1703 1950 1851 2014 parentum
1861 1957 1924 1998 eon

265 2030 294 2086 in
309 2032 378 2088 alios
391 2031 519 2090 exerceri
533 2031 654 2101 ridebat,
665 2032 738 2104 quod
748 2031 866 2090 inlidelis
876 2031 958 2090 etiam
970 2032 1069 2090 amieis
1119 2041 1233 2099 retinere
1247 2041 1346 2110 salute,
1357 2041 1402 2112 qni
1415 2039 1531 2112 depositi
1545 2055 1606 2097 :cro
1619 2055 1683 2096 cum
1692 2040 1721 2096 in
1734 2055 1849 2097 caraem
1862 2040 1924 2094 rite

264 2123 355 2194 toret,
375 2135 403 2182 ct
423 2139 488 2196 spes
510 2125 652 2198 adempta,
668 2125 816 2198 populante
830 2125 973 2186 universos
984 2126 1067 2195 lente,
1118 2133 1201 2190 linctu
1221 2147 1380 2206 supremum
1393 2131 1514 2206 exigant,
1529 2133 1693 2201 liberamur,
1709 2133 1734 2189 si
1746 2133 1922 2189 moriautur:

266 2216 397 2274 Rotnanis
410 2217 591 2290 iamiamque
606 2217 753 2291 irrupturis
765 2236 772 2274 ι
784 2219 894 2276 turbato
909 2219 1023 2276 Simone
1032 2221 1067 2276 ad
1118 2229 1167 2286 sed
1190 2243 1241 2300 pro
1259 2243 1317 2298 ara,
1334 2243 1384 2301 pro
1397 2229 1512 2301 templo,
1528 2243 1578 2300 pro
1592 2229 1733 2284 semirutis
1745 2225 1839 2284 adbuc
1850 2226 1923 2282 urbis

263 2327 344 2384 opem
359 2311 538 2382 delensiouis,
553 2312 707 2370 bacchante
719 2311 754 2372 ati
768 2311 905 2371 officinam
920 2313 1068 2372 crudelita·
1119 2325 1255 2384 moeqtbus
1266 2322 1414 2395 trepidare.
1425 2323 1566 2380 obtulisse
1578 2337 1610 2379 se
1623 2322 1741 2392 vulneri,
1757 2337 1795 2379 ne
1809 2322 1923 2394 patriam

265 2407 314 2476 tis,
331 2407 456 2480 lacilique
471 2407 598 2466 illecebra
613 2407 786 2482 proditionis,
801 2408 875 2480 quod
890 2409 977 2468 ludas
998 2427 1069 2470 unus
1118 2421 1205 2479 everti
1220 2419 1336 2477 rideret.
1349 2418 1409 2488 Qua
1418 2417 1529 2477 excitati
1543 2416 1668 2490 querela,
1680 2417 1806 2490 plerique
1820 2416 1854 2471 ad
1868 2415 1923 2470 lio·

265 2517 299 2558 ex
324 2501 390 2574 ipsis
414 2503 511 2559 turrim
533 2503 659 2560 tuendam
683 2513 853 2576 susceperat.
867 2505 895 2563 ls
908 2506 991 2580 igitur
1005 2522 1069 2566 curn
1119 2528 1217 2572 manos
1231 2512 1427 2570 trattseuodunt
1441 2513 1505 2578 rati,
1520 2525 1573 2583 qua
1584 2519 1732 2583 potuerant
1746 2512 1803 2576 ria,
1815 2509 1922 2564 subtra-

265 2599 402 2658 liomanos
424 2609 550 2673 vocaret,
566 2601 729 2660 traditurum
749 2617 779 2660 se
801 2603 935 2676 pollicens
957 2605 1066 2676 turrim,
1119 2615 1220 2666 xerunt
1228 2622 1290 2664 sese
1300 2605 1408 2664 insidiis
1417 2605 1685 2672 latrocinantium,et
1696 2601 1846 2660 eosmdtab
1859 2617 1920 2673 pro·

264 2693 467 2752 fastidientibus
484 2696 544 2754 aliis
565 2696 638 2769 quod
658 2707 712 2754 tant
728 2713 791 2756 sero
802 2698 923 2770 proditio
936 2701 1071 2774 procede·
1119 2701 1300 2759 tendentium.
1326 2699 1431 2770 Quibus
1461 2699 1571 2771 quidem
1596 2697 1675 2754 litus
1701 2695 1919 2753 misericordiam

265 2798 318 2854 ret,
331 2790 393 2848 aliis
407 2789 604 2862 dubitantibus,
619 2793 684 2866 quia
701 2794 857 2868 frequenter
872 2799 1006 2869 promissa
1017 2797 1068 2857 de·
1119 2795 1282 2869 promissam
1292 2793 1435 2861 serravit,
1455 2789 1505 2849 sed
1527 2791 1581 2846 alia
1595 2790 1705 2861 gratior
1714 2803 1840 2845 aerumna
1851 2787 1920 2844 acci-

265 2883 371 2942 ditione
382 2883 474 2942 dolum
486 2899 643 2958 paraverat,
659 2889 793 2960 prevenit
805 2889 911 2960 Simon,
923 2901 950 2948 et
962 2891 997 2950 dc
1007 2893 1070 2950 uui-
1118 2889 1170 2946 dit.
1195 2888 1317 2961 Namque
1339 2887 1386 2944 ubi
1411 2886 1476 2944 data
1489 2884 1612 2942 alimenti
1624 2885 1703 2956 copia
1716 2926 1726 2955 ,
1746 2887 1833 2956 clepit
1845 2885 1919 2939 oneri

265 2976 353 3036 rersis
374 2981 585 3053 conspirationis
600 2982 683 3040 sociis
698 2998 806 3055 pcenam
818 2987 932 3058 exegit:
951 3001 1069 3061 corpora
1118 2999 1181 3043 esse
1201 2983 1280 3041 cibus
1293 2982 1339 3055 qui
1362 2983 1438 3053 prius
1451 2981 1513 3038 usui
1531 2989 1601 3049 erat,
1623 2977 1799 3051 desuetisque
1822 2976 1918 3033 edendi

263 3085 374 3143 quoque
386 3087 482 3130 eorum
495 3073 530 3132 de
544 3090 624 3132 muro
638 3077 820 3151 precipitata.
1119 3079 1227 3147 nitelis,
1243 3077 1425 3136 ministerium
1440 3077 1600 3135 leniebatur.
1619 3075 1701 3134 Nulla
1721 3075 1764 3132 ris
1785 3074 1917 3140 dontinus,

552 3168 668 3228 CAPUT
686 3169 784 3228 xxlll.
1119 3185 1150 3232 ut
1166 3175 1258 3232 cibum
1278 3171 1449 3240 manderent,
1465 3171 1538 3228 nulia
1553 3172 1715 3228 arteriarum
1731 3168 1916 3232 subsistentis.

301 3257 417 3316 Clausus
439 3261 582 3319 tenebatur
599 3263 714 3336 losepbi
730 3275 828 3337 pater,
845 3280 896 3324 uec
910 3276 923 3304 ⁰
939 3266 1011 3324 nllns
1033 3267 1068 3326 ad
1081 3223 1105 3290 c
1119 3283 1218 3343 panem
1231 3267 1363 3324 arrodere
1375 3266 1451 3322 nullo
1467 3273 1595 3340 poteraut
1614 3262 1706 3320 modo.
1724 3262 1757 3319 Si
1775 3260 1841 3334 quid
1855 3276 1918 3318 sanc

266 3366 330 3407 eum
353 3367 481 3410 accessus
502 3357 622 3427 patebat.
648 3357 689 3415 Eo
707 3358 856 3418 studiosius
879 3359 1014 3434 iosephus
1032 3364 1068 3421 ad
1118 3362 1291 3421 sorbuissent
1303 3360 1438 3418 mollioris
1457 3357 1608 3427 alimonie,
1622 3357 1780 3414 interclusis
1791 3357 1848 3429 jam
1862 3356 1917 3411 lau·

266 3444 435 3502 deditionem
451 3448 583 3507 inritabat
594 3449 716 3521 ludaeos,
728 3463 756 3511 et
768 3455 946 3514 inconsultius
959 3474 1068 3516 murum
1118 3460 1190 3516 cium
1206 3456 1341 3514 meatibus
1353 3454 1602 3526 strangulabantur.
1615 3451 1798 3525 obriguerant
1808 3451 1917 3509 interio-

265 3549 453 3607 successerat,
478 3552 506 3599 ut
530 3544 661 3604 liberaret
679 3548 794 3618 patriam
816 3565 879 3607 cum
902 3560 990 3624 patre.
1007 3552 1069 3622 Quo
1118 3567 1149 3608 ra
1162 3552 1309 3617 uiscerum,
1322 3547 1458 3607 obstructi
1470 3544 1661 3604 erantductus
1674 3545 1812 3602 ciborum.
1834 3546 1916 3602 drue-

267 3634 322 3690 loci
337 3650 404 3692 saxo
420 3648 508 3710 ‚caput
521 3653 668 3710 percussus
687 3642 818 3710 concidit,
830 3659 862 3702 ae
875 3661 945 3720 pene
957 3647 1069 3719 laetatis
1117 3652 1180 3701 rant
1202 3641 1305 3716 iecoris
1324 3655 1417 3709 rena,
1439 3656 1500 3714 quae
1523 3638 1601 3697 cibos
1623 3638 1775 3695 attrabunt.
1798 3637 1915 3696 Perierat

266 3726 385 3799 desuper
398 3729 460 3785 telis
473 3745 624 3802 oppressus
635 3733 743 3804 luerat,
756 3737 782 3792 ni
796 3747 933 3810 praecepto
948 3739 1069 3799 Caesaris
1118 3749 1194 3801 usus,
1214 3734 1331 3793 ariditas
1342 3733 1551 3799 cumulabatur,
1565 3734 1654 3788 rirtos
1665 3730 1825 3801 deiecerat,
1838 3745 1915 3802 appe

266 3820 344 3877 missi
364 3821 464 3892 loreut,
483 3825 530 3896 qui
553 3840 615 3882 eum
628 3836 782 3899 protectum
802 3829 906 3906 clypcis
929 3835 1069 3906 eriperent
1119 3831 1203 3888 tentia
1215 3829 1355 3888 manebat.
1367 3829 1492 3886 linebant
1503 3843 1587 3898 supra
1596 3827 1673 3883 cibos
1684 3826 1790 3892 ntiseri.
1804 3835 1833 3883 et
1846 3825 1915 3882 inra-

266 3913 337 3971 neci.
352 3914 498 3988 Comperto
517 3929 605 3976 mater
624 3919 672 3978 llll
693 3924 735 3979 sui
756 3924 877 3994 vulnere,
894 3927 1070 3984 etinsttltan-
1116 3921 1189 3980 lidos
1206 3937 1325 3991 morsus,
1345 3937 1422 3979 moro
1442 3920 1585 3978 infantium
1605 3918 1820 3976 meditabantur.
1833 3917 1914 3975 Pleri-

265 4007 333 4063 tium
347 4008 484 4066 latronum
496 4019 672 4070 consternata
688 4015 811 4088 uocibus,
826 4019 923 4076 mortis
936 4019 996 4091 eius
1009 4020 1067 4078 lor·
1117 4033 1172 4090 quo
1193 4017 1260 4075 risis
1282 4017 1429 4085 alimentis,
1454 4016 1514 4088 ipso
1528 4014 1626 4087 gaudio
1646 4012 1824 4084 deficiebant,
1838 4021 1913 4084 atquc

266 4100 395 4158 midiuem
409 4104 492 4161 simul
503 4115 532 4162 et
545 4106 626 4164 lldem
639 4108 742 4168 induit:
755 4111 1068 4188 miserabiliterquoque
1118 4113 1190 4170 inter
1203 4120 1348 4184 exoptatos
1367 4111 1419 4168 sihi
1434 4110 1511 4168 cibos
1524 4108 1729 4166 moriebantur:
1743 4106 1824 4163 solati
1837 4106 1913 4162 mise

265 4193 410 4267 deplorare
430 4200 566 4272 occepit:
583 4201 617 4258 ad
642 4201 693 4260 ltus
715 4204 821 4264 lructus
843 4207 1017 4268 leeundtmtis
1036 4225 1067 4268 se
1117 4207 1208 4274 riam,
1233 4205 1307 4277 quod
1328 4214 1422 4262 notum
1440 4202 1636 4276 impleveram.
1660 4201 1715 4258 Sed
1735 4209 1797 4258 erat
1819 4213 1912 4272 pompa

265 4297 444 4360 reservatam,
458 4300 489 4349 nt
504 4309 554 4351 nec
566 4295 657 4354 oliicio
669 4298 785 4355 uirentis
800 4299 849 4356 lilii
860 4301 1005 4372 potiretur,
1017 4319 1069 4362 uec
1119 4298 1315 4373 lacrymabilis,
1329 4313 1393 4355 cuna
1417 4297 1508 4370 plures
1530 4311 1545 4352 a
1560 4295 1623 4352 cibo
1643 4295 1678 4350 ad
1693 4291 1843 4365 periculu-
1856 4304 1911 4346 sur-

266 4384 397 4456 sepeilret
410 4384 580 4444 defunctum.
597 4388 659 4446 Voti
676 4390 786 4461 quidem
802 4393 843 4449 sui
857 4391 952 4463 inisse,
968 4407 998 4452 nt
1009 4396 1068 4468 ipsa
1116 4399 1224 4464 gerent,
1238 4406 1319 4464 quatu
1334 4390 1368 4447 ad
1389 4391 1515 4456 salutem,
1538 4397 1569 4445 ut
1583 4397 1611 4444 et
1632 4389 1720 4444 rictus
1733 4393 1855 4444 noceret.
1873 4383 1910 4439 lu-

266 4477 355 4550 potius
370 4479 452 4536 matri
469 4482 639 4552 sepulturam
654 4483 751 4541 daret:
764 4485 1007 4558 interelusmanus
1019 4505 1067 4548 su·
1117 4484 1251 4541 dabantur
1264 4483 1337 4541 enim
1356 4483 1468 4540 insolito
1492 4481 1555 4540 cibo
1572 4495 1688 4553 corpora
1704 4481 1814 4552 potius,
1834 4492 1909 4550 illim

266 4583 390 4642 premum
404 4574 546 4632 exhalaret
560 4578 685 4650 spiritum
701 4595 709 4635 ε
729 4579 776 4636 ille
789 4578 903 4653 frigidos
912 4591 988 4641 artus
999 4583 1067 4641 dell-
1078 4616 1107 4679 D
1117 4581 1328 4651 rolleiebantur,
1338 4587 1367 4637 et
1380 4577 1458 4652 quasi
1471 4578 1590 4650 quodam
1602 4587 1614 4615 0
1629 4573 1785 4649 hydropisis
1799 4572 1907 4637 morbo.

266 4665 364 4722 cientis
375 4667 489 4737 loterel,
500 4669 547 4727 iile
558 4670 669 4730 ultimos
681 4687 731 4731 ore
741 4671 877 4732 anhelitus
892 4677 1007 4749 legeret,
1021 4678 1067 4735 ille
1117 4675 1238 4732 distenta
1250 4683 1315 4734 cute
1327 4687 1422 4746 poenas
1434 4671 1547 4729 dabant.
1566 4670 1602 4727 Et
1617 4670 1641 4726 si
1652 4668 1752 4740 quibus
1763 4667 1818 4724 ulla
1828 4664 1908 4723 adlrue
2000 4730 2001 4735 η

265 4758 360 4814 oculos
382 4762 525 4818 morientis
544 4763 699 4833 clauderet,
713 4767 760 4824 ille
770 4768 901 4841 spirantia
914 4769 1003 4828 adhue
1017 4787 1065 4830 ora
1116 4765 1445 4836 virtusedertdi,ariditas
1456 4762 1567 4820 modum
1582 4761 1686 4829 trescla,
1699 4758 1905 4834 quodlerreuon
2000 4794 2001 4834 ἦ

263 4861 453 4923 componeret.
463 4855 517 4912 Sed
529 4857 589 4928 quia
600 4867 664 4916 roto
673 4861 822 4931 exciderat,
832 4862 957 4921 solatium
970 4865 1064 4934 luisse,
1117 4870 1253 4936 poterant,
1267 4875 1349 4932 supra
1363 4871 1519 4916 mensuram
1530 4855 1703 4928 ingerebant,
1715 4851 1857 4925 repentino
1869 4849 1905 4904 ci·

263 4945 287 4999 si
309 4943 351 4999 rel
369 4944 427 5014 ipsa
450 4947 583 5008 interesse
599 4952 733 5021 potuisset
748 4953 796 5012 iiiii
810 4939 953 5014 morientis
968 4973 1065 5030 supre-
1116 4957 1151 5013 bo
1167 4959 1228 5013 lorti
1240 4953 1492 5026 disrumpebantur.
1506 4948 1577 5019 Quid
1591 4949 1664 5006 enim
1678 4963 1763 5020 grase
1780 4961 1834 5004 nou
1844 4953 1904 5011 erat,

263 5035 332 5103 mis,
347 5037 495 5096 miserabili
508 5042 617 5113 quidem
637 5053 723 5114 sorte,
739 5047 787 5106 sed
802 5050 939 5106 tolerabili
953 5061 1065 5125 tamen,
1114 5050 1214 5123 quibus
1227 5059 1287 5107 erat
1297 5051 1387 5121 gratis
1401 5057 1428 5105 et
1440 5045 1516 5102 solus
1530 5042 1654 5113 allectus,
1669 5050 1700 5098 ut
1711 5043 1821 5099 obesset
1833 5039 1907 5096 aidis·

263 5138 291 5184 ut
306 5144 387 5201 quem
403 5133 575 5202 superstitem
590 5147 742 5208 optauerat,
760 5142 875 5214 cinerei
890 5144 970 5222 lunus
986 5157 1063 5206 terre·
1114 5158 1156 5213 se,
1171 5143 1246 5216 quod
1263 5137 1507 5199 desideraverant?
1525 5136 1672 5208 incapaces
1683 5134 1757 5192 enim
1770 5132 1904 5190 allectante

262 5231 315 5280 ret.
334 5222 527 5282 Verumtamen
542 5230 585 5284 vel
599 5228 634 5287 de
645 5247 735 5300 muro,
751 5232 848 5308 inquit,
859 5246 984 5307 spectare
995 5241 1063 5297 mihi
1115 5254 1164 5311 per
1178 5236 1411 5310 longamfamem,
1426 5234 1566 5306 oppressit
1576 5231 1660 5288 etiam
1679 5243 1777 5286 sensus
1789 5237 1903 5284 natum:

262 5330 323 5371 tneo
337 5314 432 5372 lunera
445 5314 526 5374 liceat
539 5336 546 5374 ι
563 5330 591 5376 et
600 5322 624 5377 si
634 5325 794 5398 contingere
807 5342 860 5385 non
874 5330 946 5398 licet,
960 5333 1061 5390 utinam
1115 5339 1144 5388 el
1158 5332 1217 5403 ipse
1230 5329 1322 5402 gaudii
1337 5337 1427 5386 motus
1438 5327 1573 5399 gravarit.
1585 5324 1657 5381 Nihil
1669 5324 1751 5396 igitur
1769 5321 1904 5388 mirumst

260 5407 371 5479 quidem
390 5424 472 5466 nemo
485 5414 610 5470 arceret!
627 5415 681 5472 Sed
696 5433 777 5488 quem
792 5432 909 5479 metuam
926 5432 1001 5482 tauto
1015 5426 1064 5484 de-
1113 5426 1255 5484 exhaustis
1267 5424 1390 5496 periculo
1399 5423 1477 5480 cibus
1487 5430 1539 5480 est.
1556 5422 1676 5490 lienique
1692 5428 1755 5490 post
1767 5419 1902 5475 biduanam

261 5503 354 5558 stituta
370 5503 446 5558 lilio?
460 5503 531 5572 Quid
553 5509 762 5582 pertimescam,
777 5514 819 5570 etti
841 5515 1002 5573 beoehcium
1019 5528 1063 5576 est
1111 5518 1262 5590 jejunium,
1277 5517 1301 5572 si
1316 5515 1382 5588 quid
1394 5515 1501 5572 avidius
1512 5513 1662 5586 srrtupseris
1675 5555 1683 5582 ,
1695 5513 1789 5569 statim
1802 5507 1903 5567 erodes·

261 5594 352 5651 morli
370 5593 478 5654 Utinam
498 5599 525 5658 io
543 5617 588 5661 me
607 5602 659 5660 tela
673 5616 723 5659 sua
736 5618 831 5664 omnes
846 5617 1062 5682 contorqueant,
1114 5612 1163 5672 cit.
1174 5610 1252 5669 Unde
1266 5612 1405 5684 plerisque
1413 5610 1500 5669 moris
1513 5619 1567 5678 est,
1583 5615 1614 5665 ut
1627 5621 1738 5665 succum
1748 5605 1826 5664 laetis
1838 5602 1902 5662 inlr·

298 5765 312 5795 ⁸
329 5755 395 5814 litii.
411 5757 496 5816 Bntttt.
1155 5781 1166 5809 ⁸
1183 5767 1328 5841 iigdropis.
1344 5767 1383 5826 ld.

297 5851 311 5891 b
332 5850 569 5916 Proetmderdittm.
584 5856 667 5914 lisam
