4075 6359
293 237 363 303 leit
990 244 1116 307 sancti
1135 242 1298 306 tnenbsit
1887 243 1948 307 tau

293 366 341 422 bct
356 371 384 420 et
395 350 455 436 ipsa
475 376 530 434 ouo
542 362 641 435 dirigat
654 374 759 419 merces
773 376 856 420 saras:
873 364 918 420 ubi
931 376 996 422 ante
1006 365 1094 421 solum
1108 364 1192 443 glria
1212 362 1328 430 inlerri,
1341 376 1457 435 qrmrorn
1476 362 1678 421 humanitatem
1700 363 1834 434 speratis.
1854 364 1949 424 &aaa

295 454 464 529 naufragium
490 454 617 527 putabat,
642 455 677 512 ibi
703 470 775 512 nunc
803 464 942 512 mutuatur
961 471 1099 513 commer-
1150 468 1202 523 eat,
1217 456 1383 522 charissimi,
1396 456 1573 522 benamesi,
1587 455 1653 514 dnm
1666 458 1800 515 adbucin
1820 470 1951 530 pertusa

294 553 379 608 cium.
397 552 464 607 Cum
481 551 561 621 igitar
576 549 761 607 Romanorum
776 552 867 607 oannis
881 552 951 615 sint,
966 551 1038 607 uode
1052 567 1099 607 vo·
1150 554 1191 608 ris
1203 562 1258 619 eat,
1274 551 1426 624 meritare
1439 561 1633 626 tenpestatcm
1647 550 1782 616 interram,
1799 566 1855 608 rree
1868 554 1950 609 immi

295 644 338 701 bis
359 643 503 699 adversum
526 640 666 699 Romanos
686 642 813 714 prasesidis
827 644 973 715 qrtoerctia‘l
989 642 1030 699 Et
1045 659 1098 716 qua
1150 645 1278 701 nantibus
1291 658 1455 718 quemquam
1470 658 1534 702 sese·
1545 647 1687 716 obiectare
1698 646 1843 717 perieulis,
1854 662 1952 703 neena

299 738 376 794 tobis
389 737 558 794 inhabitabili
573 748 652 810 parte
662 738 753 794 socios
766 737 1100 809 postulabitisiQoicum-
1150 738 1177 795 io
1200 740 1286 795 altrea
1309 740 1494 811 processeris.
1516 740 1575 809 jam
1598 737 1777 809 narllragiam
1801 752 1859 794 noa
1875 741 1954 811 praeis

297 847 352 902 qne
372 832 446 887 enim
467 832 585 888 inorbo
607 840 742 887 terrarum
761 840 840 900 stant,
867 832 980 887 ltotnani
1003 846 1099 888 omncs
1150 848 1259 890 carcre·
1270 833 1304 889 Et
1316 833 1593 905 plcrmoqoequitlem
1605 836 1751 903 repentina
1761 835 1890 905 exsurgit
1899 850 1954 905 pre-

298 934 372 980 suat.
393 924 437 981 An
456 924 525 983 ultra
546 924 715 996 Euphratem
737 928 772 981 ati
796 926 954 983 Adiabenos
975 924 1100 997 dirigetis
1149 928 1237 994 cella,
1256 934 1285 983 ct
1308 925 1412 983 bellora
1433 927 1709 998 excipitur,etiamai
1727 939 1787 983 noa
1804 926 1954 986 inieratsr:

298 1019 479 1091 legationem?
493 1018 541 1077 sed
558 1034 610 1077 neo
630 1020 696 1092 ipsis
711 1031 788 1076 vacat
802 1035 852 1076 soa
866 1020 1033 1092 relinquere,
1049 1034 1100 1077 ace
1150 1018 1200 1076 sed
1220 1019 1336 1075 interest
1357 1020 1495 1077 lacessere
1519 1019 1629 1077 bostem
1649 1036 1685 1075 an
1707 1018 1866 1091 excipere!
1881 1022 1955 1092 itatis

299 1110 416 1169 Parthos
439 1112 504 1169 sinit
525 1114 639 1183 petitam
662 1113 716 1171 sibi
738 1128 832 1185 pacem
855 1114 1039 1184 interpellari,
1065 1125 1100 1170 ne
1152 1115 1239 1185 parcit
1251 1130 1305 1171 ooo
1319 1116 1477 1181 lacessitus,
1493 1125 1522 1171 et
1536 1114 1689 1172 necessitas
1709 1124 1830 1183 excusat
1842 1116 1956 1171 insoles

298 1206 355 1277 ipse
371 1208 397 1263 ia
413 1206 535 1263 linitimis
553 1221 619 1265 reus
633 1210 670 1265 ait
686 1208 859 1265 rebellionis,
872 1208 911 1265 Ne
926 1220 939 1245 ‘¹
957 1208 1026 1265 illud
1041 1208 1101 1265 bel·
1152 1208 1219 1263 tiam
1243 1226 1252 1262 a
1277 1207 1323 1263 obi
1340 1222 1405 1263 aero
1428 1208 1456 1263 in
1480 1216 1651 1280 praeraptam
1671 1208 1826 1281 quisquam
1839 1224 1902 1264 sese
1916 1212 1957 1265 im

298 1300 353 1357 lom
368 1301 461 1358 simile
475 1304 588 1373 putetis,
601 1318 634 1359 ac
651 1304 674 1359 si
693 1302 839 1360 abversum
855 1304 956 1361 Arabas
971 1314 998 1361 et
1013 1302 1100 1376 AEgp·
1152 1300 1251 1370 mergit
1265 1299 1428 1372 molestam,
1443 1310 1572 1357 maratus
1586 1302 1671 1358 etiam
1684 1301 1856 1375 opprobrio.
1872 1302 1956 1357 mata

298 1394 370 1465 ptios
391 1394 471 1451 vobis
486 1395 603 1467 gerentla
616 1396 709 1468 prelia
722 1396 795 1463 simp
810 1396 862 1453 alia
875 1396 996 1453 llomana
1011 1412 1099 1467 artata,
1153 1392 1242 1448 bostis
1264 1401 1317 1461 est,
1339 1409 1421 1465 qoem
1442 1394 1502 1464 luga
1522 1394 1637 1467 possitis
1654 1395 1756 1452 ritare.
1783 1397 1957 1466 Quocomaee

295 1486 357 1557 aliae
381 1503 448 1560 opes
465 1504 500 1545 ex
519 1498 577 1544 toto
600 1490 723 1560 tpttacsitae
743 1491 810 1545 orbe
836 1509 842 1547 :
866 1505 917 1548 neo
938 1490 1100 1563 llicrosolp-
1152 1485 1236 1551 ibitis,
1249 1497 1379 1557 sinuetur
1393 1489 1543 1557 periculum
1559 1490 1664 1561 :immo
1676 1490 1783 1563 ubique
1796 1490 1956 1548 bostemre

299 1582 400 1637 taitana
421 1581 497 1639 robis
515 1582 691 1640 blandiantur
710 1583 834 1656 presidia
852 1600 1008 1653 mororum;
1035 1583 1102 1637 aali—
1152 1580 1275 1652 perietis.
1294 1582 1396 1637 Omnes
1415 1582 1490 1637 enirn
1510 1582 1591 1639 amici
1615 1582 1808 1639 ammomum
1831 1593 1916 1644 sunt:
1935 1596 1957 1640 tt

297 1672 401 1731 (liorem
418 1674 532 1732 Romani
545 1692 651 1733 maram
665 1680 759 1735 oceani
775 1685 921 1749 ruperant:
931 1677 979 1735 setl
992 1676 1027 1734 tie
1036 1676 1102 1734 reli·
1152 1673 1317 1745 atticumque
1331 1685 1430 1746 prater
1442 1675 1630 1733 Romanorum
1642 1678 1799 1735 amicitiam
1810 1686 1869 1746 cst,
1882 1678 1956 1735 bostis

298 1768 388 1839 gionis
409 1768 511 1827 auxilio
534 1772 718 1842 praesumitis,
738 1786 799 1829 eum
821 1773 915 1829 orbem
928 1770 985 1843 iam
1001 1770 1101 1826 Roma·
1115 1794 1140 1873 g
1154 1768 1347 1825 universarum
1369 1779 1422 1827 est.
1446 1770 1550 1828 subeat
1567 1786 1618 1829 aas
1638 1772 1737 1843 patriae
1751 1787 1838 1829 amer
1853 1792 1862 1827 :
1876 1775 1899 1828 si
1913 1790 1955 1829 tot

299 1876 364 1917 nata
385 1861 450 1921 iesu
470 1863 597 1938 discipuli
620 1866 803 1935 repleverim?
821 1864 874 1923 but
888 1867 949 1923 siae
964 1872 1031 1921 nutu
1051 1864 1101 1921 nei
1155 1862 1298 1933 pignonrm
1313 1874 1480 1933 aestrorum,
1495 1878 1551 1922 oon
1565 1866 1715 1939 coniugum
1727 1882 1779 1925 roa
1793 1871 1955 1940 contempla

300 1966 425 2028 putamus
444 1958 518 2013 illam
539 1974 666 2017 erescere
681 1960 858 2031 religionem,
875 1962 1027 2033 tarbemque
1046 1960 1103 2016 lle·
1153 1956 1192 2012 tio
1213 1969 1346 2028 revocat,
1366 1968 1478 2016 revocet
1491 1960 1585 2031 templi
1597 1962 1742 2017 contuitus
1758 1962 1954 2019 sacratissimi:

301 2067 373 2108 mam
402 2068 484 2123 supra
509 2066 606 2112 omnes
638 2056 785 2128 religiones
810 2057 931 2128 prolerre
959 2056 1101 2128 imperium
1154 2052 1257 2121 partim
1270 2051 1368 2109 saltem
1388 2052 1651 2127 religioniaparcite
1661 2059 1868 2114 sacratissimis
1878 2072 1955 2114 sace·

300 2162 390 2204 suum.
411 2146 425 2187 1
451 2147 514 2205 llaeo
535 2160 628 2205 nostra
649 2165 701 2207 nos
717 2152 773 2220 iam
791 2150 893 2207 lardum
908 2150 1003 2223 religio
1023 2152 1103 2208 ‹lose-
1152 2143 1454 2217 1111111111,111111111111111
1467 2162 1522 2203 111111
1538 2149 1953 2222 11111111111111111,11··(1111111

301 2242 367 2311 rttit,
378 2242 440 2313 tptria
455 2258 506 2299 nos
520 2243 693 2300 deseruimus
705 2244 796 2313 ildetn,
808 2255 835 2302 ct
848 2246 1006 2319 ircqaentet
1017 2246 1103 2301 intet-
1153 2242 1267 2312 tempto,
1287 2256 1356 2313 qnos
1369 2242 1527 2313 pepercisse
1542 2245 1658 2316 paenitet
1673 2262 1681 2300 :
1697 2247 1838 2317 quoniam
1850 2244 1906 2317 iam
1916 2247 1953 2300 ee

300 2336 373 2393 tlicta
386 2338 522 2395 mandatis
533 2339 692 2397 caelestibus
711 2340 900 2411 repetivimus.
917 2340 997 2399 llotle
1012 2342 1042 2397 ia
1053 2356 1103 2399 nos
1152 2335 1220 2393 ditm
1234 2336 1328 2392 10111111
1344 2352 1439 2393 munes
1453 2349 1549 2409 gentes
1562 2346 1686 2394 nostram
1701 2339 1890 2410 exstinguere
1902 2340 1952 2394 rdi-

300 2432 377 2487 tertii
389 2429 558 2505 AEgyptiusi
573 2433 802 2503 nuetaaadmotirtm
819 2435 917 2507 captivi
933 2434 1103 2492 lactisumos
1152 2433 1273 2503 glanem,
1293 2432 1337 2487 cai
1355 2432 1502 2504 Pompeios
1520 2443 1688 2488 tamencum
1705 2434 1891 2504 exstinguere
1903 2446 1952 2503 pos

302 2525 499 2597 Assyriorum?
510 2524 607 2584 Nonne
625 2526 768 2599 Scriptura
788 2528 856 2585 dixit
870 2529 940 2601 ,hae
951 2528 1104 2587 creatura!
1153 2535 1211 2592 set,
1228 2525 1360 2597 pepercit.
1386 2524 1444 2597 Ego
1458 2524 1525 2581 nibil
1543 2526 1717 2598 pretemrisi,
1739 2527 1839 2583 cannia
1857 2528 1951 2592 atnam,

300 2616 397 2675 Nartiae
410 2620 541 2690 scriptum
556 2630 600 2677 est
615 2622 783 2693 prolabantis
803 2624 893 2679 omnia
906 2626 998 2697 tempii
1015 2637 1105 2682 sacra·
1153 2637 1214 2692 oue
1227 2620 1261 2677 atl
1276 2628 1395 2676 vestram
1408 2628 1533 2693 spectant
1542 2623 1658 2677 satutem
1671 2640 1679 2675 a
1694 2622 1748 2677 boc
1758 2619 1950 2682 roblssuatlce.

302 2713 416 2769 areatat
431 2728 491 2785 quac
513 2714 569 2785 jam
586 2718 688 2788 sapias
705 2718 845 2789 pisistrati
859 2720 914 2775 aim
929 2733 1007 2776 soem
1023 2727 1105 2791 atque
1153 2714 1227 2787 paco
1238 2712 1306 2770 mitti
1320 2714 1411 2786 eligo:
1427 2728 1475 2769 ros
1490 2715 1676 2783 considerate,
1686 2714 1754 2786 quiri
1765 2714 1848 2773 robis
1860 2714 1949 2770 etmib

302 2822 414 2865 emnem
427 2808 584 2867 divinorum
599 2813 793 2885 mysteriorum
807 2815 923 2887 gratiam
934 2828 987 2870 non
1002 2826 1104 2885 repre·
1156 2809 1222 2865 attile
1236 2809 1272 2865 sit
1288 2825 1295 2866 :
1311 2816 1377 2882 opto
1387 2807 1467 2865 robis
1480 2819 1506 2865 et
1520 2808 1586 2865 mibi
1599 2822 1694 2881 pacem
1705 2824 1771 2867 esse
1784 2826 1852 2867 carn
1865 2811 1949 2883 popm

302 2914 436 2962 sentam:
456 2905 677 2963 mattamioamm
699 2918 739 2965 cst
763 2910 892 2981 temptam
909 2907 1028 2967 trimano
1042 2924 1105 2967 sarr-
1154 2902 1278 2959 nomano
1295 2920 1305 2958 a
1325 2902 1349 2958 ai
1365 2903 1510 2971 recusatis,
1525 2904 1575 2974 ipsi
1589 2918 1678 2959 meam
1694 2906 1773 2961 rabis
1795 2906 1901 2976 eripitis
1913 2919 1948 2960 aa

301 2998 401 3068 gulae,
419 2999 527 3070 repieta
539 3008 603 3055 suat
616 2999 769 3072 pulvinaria
782 3001 973 3071 cadaveribus,
987 3002 1105 3076 perlusa
1154 2997 1282 3053 1101111111
1299 3013 1307 3048 ³
1332 3006 1379 3050 ⁸¹¹¹
1397 2996 1554 3052 1111111111ῑέ
1575 2997 1630 3052 1111
1650 2998 1825 3069 111111ι1111
1845 2999 1904 3055 Sint
1915 3014 1949 3053 111

301 3106 357 3151 arae
372 3094 497 3152 llomaoo
509 3108 618 3160 cruore,
635 3106 783 3167 pugnatam
798 3106 841 3153 est
852 3096 986 3155 sabbatoa
1000 3110 1105 3169 preas-
1156 3089 1318 3161 ptiitaittni·
1332 3088 1398 3147 flaec
1409 3088 1514 3157 (1110111,
1529 3090 1729 3164 illacrymant,
1744 3093 1885 3150 &mitt
1895 3110 1948 3164 1111

302 3188 400 3245 ricatio
414 3190 483 3245 lacta
496 3196 551 3255 est,
563 3189 628 3245 dam
641 3191 772 3260 templana
784 3206 839 3247 troo
852 3206 900 3247 saa
911 3191 1105 3248 observatione
1117 3208 1141 3273 ρ
1156 3198 1209 3254 tue
1223 3198 1303 3239 soror
1317 3182 1377 3255 eius
1391 3201 1399 3237 t
1416 3199 1479 3239 narn
1494 3185 1591 3255 etipsa
1602 3195 1662 3241 erat
1673 3184 1701 3241 in
1714 3183 1797 3257 xysti
1810 3188 1947 3259 superiori

302 3290 332 3335 et
345 3279 472 3337 feriarum
485 3281 671 3351 solemnitate,
683 3283 731 3339 sed
742 3292 855 3340 cruento
869 3283 1025 3342 defenditur
1036 3300 1105 3355 prae·
1156 3276 1219 3345 litis,
1234 3285 1262 3332 02
1272 3276 1389 3333 mulium
1400 3292 1448 3333 eat
1463 3278 1580 3348 Agrippa
1591 3277 1792 3351 sotstacrymts
1807 3280 1945 3345 latereni

304 3373 350 3428 lio.
367 3372 401 3428 Et
417 3372 469 3429 boc
483 3374 576 3446 atique
589 3375 687 3431 iterum
703 3374 760 3431 liet.
776 3376 847 3449 Ergo
859 3378 996 3449 quomodo
1009 3393 1106 3447 possu-
1155 3372 1194 3428 ita
1217 3381 1247 3426 ut
1265 3371 1389 3427 dicerent
1409 3370 1517 3429 iudaei:
1542 3370 1601 3427 lien
1625 3371 1758 3429 Romanis
1779 3370 1793 3411 ¹¹
1811 3374 1945 3438 bellamus,

306 3480 366 3522 mus
389 3475 527 3539 tamquam
546 3468 691 3524 adversum
707 3468 800 3525 ltostes
822 3479 849 3525 ct
864 3470 989 3543 religioni
1005 3471 1107 3527 atlrcr·
1156 3465 1205 3521 aeti
1228 3465 1310 3521 Floro
1323 3465 1369 3536 goi
1383 3465 1455 3522 bello
1470 3465 1709 3537 digawommisit,
1726 3467 1831 3524 bellam
1844 3468 1947 3523 interea

304 3558 393 3615 serios
412 3557 534 3615 ditinum
552 3560 683 3617 stasilium
697 3561 809 3628 mereri,
825 3577 887 3619 cum
904 3562 956 3634 ipsi
974 3564 1107 3633 praeaari·
1157 3560 1222 3616 dum
1243 3560 1419 3615 arbitramur.
1444 3560 1594 3633 lleapontlit
1615 3561 1737 3634 Agrippia
1752 3581 1760 3617 z
1780 3562 1832 3619 setl
1850 3562 1900 3619 boc
1913 3569 1946 3616 ert

306 3652 442 3708 cntionem
465 3650 616 3710 inieramus
636 3662 738 3711 nostre
756 3653 901 3725 religioni?
922 3654 1001 3725 Quod
1024 3655 1107 3727 igitar
1158 3654 1310 3711 Romanum
1326 3654 1428 3711 bellum
1443 3656 1546 3713 inferre
1561 3672 1569 3713 a
1586 3656 1654 3712 lacta
1671 3665 1763 3713 restra
1775 3656 1945 3712 Romanam

306 3748 474 3816 remelium,
494 3764 555 3805 cent
576 3754 603 3805 ct
617 3748 742 3806 laumense
756 3763 822 3821 opes
836 3767 889 3806 non
904 3750 1106 3821 suffragentur,
1160 3749 1288 3819 injuriam
1310 3757 1417 3819 petunt.
1441 3747 1499 3804 Noa
1524 3748 1629 3816 Flore,
1653 3750 1703 3805 sctl
1726 3749 1883 3806 Romanis:
1903 3764 1944 3803 aot

310 3856 361 3899 nee
384 3842 475 3900 diuina
489 3843 640 3914 opituletur
663 3842 768 3916 gratia?
789 3844 913 3900 Alteram
932 3844 1030 3900 horum
1055 3845 1106 3900 ali·
1137 3840 1251 3909 llam,
1266 3840 1314 3898 seti
1336 3839 1439 3897 Caesari
1453 3840 1587 3897 tributum
1600 3854 1716 3913 negatur
1731 3860 1738 3897 :
1752 3858 1809 3898 non
1820 3842 1945 3910 limitet

305 3952 374 4007 quoa
386 3937 502 3993 inritare
512 3936 583 3995 solet
595 3939 629 3993 ad
640 3937 849 4003 bellom;vobis
859 3948 1005 4009 otrunmae
1018 3938 1105 3994 deest.
1159 3931 1347 3989 Romanorum
1359 3934 1438 3989 miles
1450 3938 1478 3988 ita
1490 3942 1644 4001 castroest,
1656 3934 1730 4006 qootl
1742 3937 1946 4007 appellatorio
1999 3937 2000 3976 1

305 4030 375 4099 ilario
390 4046 455 4101 ergo
468 4038 603 4103 superest,
617 4030 670 4087 nisi
682 4028 855 4086 menifestum
869 4031 1023 4088 ciciliam?
1035 4029 1107 4102 qootl
1158 4030 1246 4096 tonia,
1267 4045 1283 4085 a
1298 4044 1353 4101 quo
1378 4028 1475 4084 dimtis
1489 4028 1644 4101 divisisque
1663 4030 1818 4100 porticibus
1832 4032 1944 4099 uramara

307 4139 362 4181 noo
381 4123 523 4181 declinatis
536 4123 600 4180 tium
614 4138 711 4180 cavere
727 4124 807 4190 lieet,
824 4123 890 4180 nibil
904 4124 976 4180 aliud
992 4124 1045 4179 nisi
1060 4138 1109 4179 aas
1158 4126 1323 4196 separastis,
1345 4135 1375 4179 at
1402 4123 1526 4180 comedia
1556 4130 1791 4191 sequestraretur.
1818 4124 1945 4181 Restituit

306 4218 359 4288 ipsi
380 4228 497 4273 uestram
525 4217 639 4289 patriam
664 4216 896 4286 concremabitis,
922 4217 1109 4289 templumque
1158 4230 1289 4277 statutum
1307 4230 1320 4257 1
1336 4219 1508 4289 superiorum
1525 4236 1533 4276 a
1550 4220 1681 4275 tributum
1699 4218 1774 4289 oootl
1790 4218 1890 4276 Caesari
1908 4219 1944 4274 le

306 4312 446 4379 exoretis,
464 4310 597 4383 corlinges
616 4326 725 4383 quoque
746 4321 774 4367 et
790 4310 891 4367 liberos
911 4309 1010 4366 dabitis
1031 4310 1106 4378 oeci,
1159 4316 1249 4384 betur,
1263 4315 1364 4371 cesari
1380 4314 1523 4380 salvatura
1538 4328 1575 4369 ne
1588 4311 1687 4368 Foras
1701 4312 1756 4367 ltoc
1774 4312 1888 4379 relcrat,
1902 4328 1943 4367 noa

306 4408 404 4479 tpaibus
422 4416 549 4465 auctores
570 4408 648 4463 eritis
670 4420 806 4477 supremae
830 4404 987 4461 antissionis
1009 4422 1016 4459 :
1046 4420 1107 4461 com
1159 4420 1190 4463 se
1208 4408 1334 4473 atrabis,
1352 4405 1401 4462 sed
1415 4406 1535 4461 Caesaris
1547 4405 1695 4474 imperitam
1706 4405 1887 4476 repudiatam.
1904 4404 1944 4459 lr-

307 4502 439 4559 malorum
463 4502 585 4559 ornarium
608 4502 810 4559 incrementum
833 4500 1031 4559 inconsolabile
1056 4502 1106 4567 sii,
1160 4502 1300 4572 quieverat
1322 4499 1439 4571 popolus
1454 4500 1497 4554 lais
1516 4496 1615 4566 tlictis,
1629 4497 1668 4554 ita
1682 4506 1787 4553 etcum
1800 4498 1943 4571 Agrippeia

308 4605 409 4651 nostrae
428 4598 515 4667 culpe
535 4596 635 4652 ascribi
650 4612 713 4667 quar
728 4596 904 4652 sustinemus.
921 4594 1036 4651 Accedit
1055 4595 1110 4651 imo
1122 4598 1148 4676 1)
1162 4595 1293 4666 templmn
1316 4594 1515 4660 emerseram,
1541 4592 1662 4664 porticus
1682 4600 1713 4648 ut
1731 4592 1839 4649 inerant
1856 4594 1944 4665 incipe

308 4688 380 4760 quoti
396 4689 510 4745 aliatum
527 4690 636 4745 orbium
647 4689 734 4757 bella,
746 4704 858 4743 suormta
872 4688 1022 4745 incolarum
1036 4688 1110 4745 caci·
1162 4698 1225 4743 rent
1249 4688 1398 4748 edificare.
1424 4690 1554 4745 tributum
1572 4698 1715 4759 cogerent.
1740 4687 1861 4760 bennae
1882 4688 1943 4745 breti

307 4785 360 4841 aliis
377 4785 593 4843 determinantur
606 4804 616 4840 a
629 4797 718 4843 restra
739 4784 852 4842 rebellio
869 4785 952 4841 totins
970 4785 1108 4841 eritexci·
1161 4778 1252 4835 nasas
1273 4782 1302 4835 in
1321 4779 1475 4850 bojamundi
1493 4780 1503 4818 1
1521 4782 1622 4837 mariis
1634 4780 1779 4838 iatlsstriis
1792 4782 1943 4839 exsecatori

307 4878 383 4937 diam
408 4892 419 4919 1
442 4879 603 4952 religionis,
618 4896 680 4951 qttae
704 4888 762 4935 toto
783 4877 976 4943 illusseris,
993 4879 1107 4949 populos
1161 4874 1234 4942 bus,
1260 4884 1424 4945 congregata
1449 4884 1514 4930 sunt
1541 4876 1640 4931 talenta
1669 4875 1867 4948 grtadraginta,
1894 4888 1942 4946 qua

308 4972 410 5043 ubique
432 4971 638 5039 disseminabit,
656 4980 684 5027 et
701 4972 728 5027 ia
747 4970 874 5026 omnibus
892 4969 1004 5025 urbibus
1020 4970 1106 5026 nostri
1160 4971 1276 5026 deerant
1288 4966 1442 5025 tributariae
1457 4968 1789 5042 solotioai.Gompressas
1801 4969 1941 5027 lucratam·

308 5067 400 5140 portio
421 5076 472 5123 est.
488 5066 587 5123 Vestro
599 5066 682 5137 igitur
695 5066 791 5138 prelio
804 5063 894 5120 iudai
908 5078 1005 5120 omnes
1018 5064 1108 5134 impli-
1160 5064 1206 5121 nis
1227 5063 1292 5119 belli
1315 5063 1468 5119 tumultus:
1488 5061 1700 5135 sedadjaagere
1715 5064 1760 5121 lais
1778 5063 1891 5136 agripp
1905 5078 1941 5117 ro·

307 5162 460 5226 esbuntort
481 5174 532 5215 nec
551 5159 605 5215 erit
617 5158 673 5215 allia
686 5159 762 5230 regio
775 5157 861 5214 nostri
877 5166 978 5227 expers
988 5158 1105 5213 cruoris.
1161 5158 1237 5225 lens,
1261 5166 1292 5213 ut
1315 5157 1397 5214 Floro
1412 5156 1653 5229 obtemperarent,
1668 5156 1758 5214 donee
1772 5158 1798 5215 ei
1819 5157 1937 5214 abente

310 5254 363 5315 but
374 5254 396 5311 si
413 5253 480 5309 tales
493 5260 559 5307 sunt
573 5252 699 5319 llomaai,
714 5258 744 5307 ut
754 5250 862 5308 tutans
873 5264 928 5307 non
939 5264 1106 5321 persequan·
1160 5266 1302 5308 successor
1316 5252 1438 5318 vertiret,
1454 5252 1490 5306 ita
1505 5250 1611 5323 plebem
1629 5251 1819 5321 exasperavit,
1833 5263 1860 5310 ot
1872 5268 1901 5308 ne
1913 5248 1939 5305 ab

306 5344 367 5419 iar,
384 5363 436 5407 nec
457 5343 530 5405 bella
546 5344 667 5404 lacessiti
683 5359 692 5402 a
706 5360 788 5417 cuam
803 5344 933 5416 iniustam
948 5353 991 5400 est
1004 5341 1106 5401 bellura
1159 5349 1219 5421 ejus
1230 5348 1340 5421 quidem
1353 5350 1518 5406 contumelia
1531 5342 1742 5421 temperaretur,
1755 5346 1805 5406 setl
1816 5358 1937 5403 erumna

344 5548 357 5579 1
373 5536 461 5594 letati.
476 5533 561 5591 Banu·
1195 5535 1208 5564 ⁰
1222 5525 1400 5596 superiorem.
1414 5528 1453 5585 ln.

342 5608 357 5651 11
374 5610 434 5666 No.
453 5609 491 5665 lo.
1195 5596 1205 5635 1
1222 5596 1330 5655 Honor.
1355 5599 1393 5657 la.
1416 5631 1452 5643 -
1473 5597 1579 5657 Recole
1592 5601 1630 5656 sia
1643 5606 1705 5673 eae
1729 5601 1868 5673 mnus,
1889 5602 1931 5659 cal.

345 5682 416 5739 att.
428 5677 551 5755 regionis.
563 5675 604 5732 ln.
1156 5668 1590 5743 2049.atllartctittrttrnamttrlaex
1598 5669 1742 5732 limite
1752 5675 1932 5732 montorium.
2000 5705 2002 5712 ·

343 5751 547 5811 instatuatae.
565 5747 605 5804 ln·
1156 5741 1299 5799 encoma.
2000 5755 2002 5792 ε
