4075 6359
330 277 403 337 2065
992 269 1116 331 seueri
1136 269 1300 332 luulostt
1894 277 1940 339 lust

327 388 466 448 frustrari.
482 388 512 447 st
525 388 585 461 quis
605 384 717 443 reierire
732 381 866 453 audebat,
888 390 983 455 patere
1002 384 1129 449 vulneri;
1143 387 1169 449 Α
1182 386 1313 457 strepitus
1323 382 1469 453 audirent,
1480 398 1514 442 er
1527 384 1628 459 quibus
1640 398 1744 443 ornnes
1756 383 1786 442 in
1799 383 1855 441 loen
1865 401 1941 447 naun

329 486 426 559 siquis
441 492 604 541 convertero
623 495 685 537 sese
699 476 732 535 ad
746 477 932 546 infestantem,
946 494 961 535 a
976 478 1033 535 suis
1046 478 1130 535 rclin·
1182 476 1321 533 Romanos
1343 475 1546 534 arbitrarentur
1566 478 1640 535 :lrac
1653 477 1754 534 iraude
1766 478 1854 535 eduxit
1872 484 1944 537 errn's

328 583 391 654 qui,
406 581 442 637 ab
457 580 537 637 troste
551 575 650 634 claudi.
666 574 797 632 blunitlnr
811 573 882 629 eniru
894 588 1002 645 semper
1012 582 1070 642 est,
1084 572 1131 645 qui
1183 577 1239 624 tunt
1251 567 1362 627 Cestius
1377 578 1424 627 :et
1436 569 1492 641 iam
1508 571 1665 630 confecerat
1680 571 1775 628 stadia
1789 572 1944 645 rugiemus

328 674 463 745 sequitur,
480 688 560 743 quam
575 669 623 742 qui
638 666 767 740 praecedit
785 685 791 721 r
808 666 873 739 qnia
887 667 931 723 iric
944 677 1041 738 pectus
1052 666 1129 738 tegit,
1182 679 1333 736 paucorum
1360 664 1387 721 in
1402 666 1485 723 rebus
1496 665 1589 723 dubiis
1602 666 1667 737 lide,
1685 668 1735 740 qui
1750 668 1859 740 perituri
1876 672 1946 741 gratis

329 766 375 823 ille
390 766 462 822 lrnsti
484 774 559 837 terga
571 778 620 819 sua
641 760 753 833 detegit.
771 758 957 817 Vehementer
979 759 1062 831 igitur
1075 756 1132 814 llo·
1182 764 1313 828 praetore
1327 758 1411 816 sociis
1426 757 1549 831 pericula
1575 775 1636 829 sua,
1662 776 1751 831 quam
1764 760 1872 832 perdere
1891 764 1947 820 nue-

327 860 400 915 rnaui
421 858 608 929 urgebantur,
625 865 762 926 tamquam
787 850 894 909 obsessi
915 852 962 923 qui
986 852 1130 907 obsessum
1180 849 1258 906 bant.
1276 850 1311 907 Et
1322 850 1434 923 quidem
1456 868 1513 909 nox
1539 852 1634 911 dolum
1647 863 1780 922 texerat,
1794 854 1948 928 seddimpre
1977 861 1978 864 ’

326 960 459 1011 uenerant
480 948 618 1021 :necjam
634 947 783 1015 sustinere,
800 955 843 1000 aut
859 944 964 1016 perpeti
987 950 1130 1013 poterant,
1180 940 1261 999 didit.
1277 942 1345 1000 Nam
1361 944 1408 1001 ubi
1421 947 1484 1002 luce
1501 944 1598 1003 diffusa
1616 964 1661 1005 res
1674 956 1784 1021 apertae
1794 956 1869 1019 suut,
1883 958 1949 1006 eton-

325 1061 462 1103 armorum
475 1041 596 1116 pondere
611 1042 661 1115 ipsi
673 1054 781 1114 graves,
797 1038 922 1095 hostibus
932 1036 1130 1105 velocioribus,
1181 1034 1223 1091 nis
1234 1035 1311 1092 loeus
1324 1036 1352 1092 in
1367 1052 1423 1110 quo
1432 1038 1627 1098 habitaverant
1638 1040 1777 1111 liomani,
1790 1058 1884 1100 vacuus
1894 1060 1949 1115 appe

325 1160 393 1218 quos
409 1156 496 1214 neque
508 1136 640 1209 consequi
653 1136 732 1193 lacile
752 1144 830 1203 erat,
846 1140 875 1189 et
888 1140 977 1189 metus
989 1144 1128 1201 summus,
1180 1129 1250 1195 ruit3
1278 1128 1380 1201 impetn
1405 1130 1478 1189 iacto
1498 1131 1586 1190 iudaei
1613 1135 1640 1191 in
1656 1152 1708 1193 cos
1730 1136 1847 1207 primum
1867 1154 1949 1210 quorun

325 1252 360 1293 ne
385 1236 459 1293 acies
481 1234 751 1302 interrumperetur:
768 1228 859 1299 iniqua
883 1241 949 1299 ergo
971 1225 1129 1283 certaminis
1179 1220 1318 1279 simulatis
1331 1222 1430 1281 oiiiciis
1454 1226 1563 1299 decepti
1577 1228 1706 1297 lucrant,
1731 1230 1857 1297 irruam,
1874 1231 1949 1305 leriqn
1977 1219 1978 1276 ἶ

324 1330 484 1387 conditione
498 1340 598 1383 nocere
613 1322 686 1381 hosti
707 1320 876 1391 nequibant,
892 1334 955 1375 cum
970 1318 1022 1389 ipsi
1039 1318 1129 1391 gravi·
1179 1315 1290 1387 negotio
1305 1316 1407 1374 deletis
1419 1319 1597 1392 quadraginta
1611 1322 1689 1391 viris,
1700 1324 1854 1381 exereitum
1867 1340 1951 1397 aequm

324 1434 367 1481 ter
379 1423 565 1481 allicerentur.
592 1418 720 1476 llaerebat
734 1414 843 1473 Cestius
857 1413 964 1471 consilii
988 1414 1127 1480 incertus,
1179 1417 1235 1475 tur,
1255 1410 1346 1479 quiet
1371 1419 1452 1468 noete
1467 1412 1615 1483 plurimum
1636 1417 1720 1486 spatii
1744 1415 1950 1488 coniecerant,u
1977 1439 1978 1442 ¹

323 1536 384 1578 cum
397 1535 445 1591 per
457 1526 544 1575 totum
555 1516 609 1573 iter
623 1528 688 1571 suos
702 1511 808 1569 conteri
823 1510 931 1567 uideret
944 1525 952 1564 t
966 1508 1049 1565 etiam
1071 1507 1129 1580 ple·
1179 1517 1228 1575 per
1241 1503 1315 1559 diem
1330 1507 1525 1578 properantius
1537 1508 1591 1566 iter
1614 1510 1770 1583 urgebant,
1786 1526 1822 1568 ne
1833 1512 1950 1584 uoctisjan

322 1613 416 1687 risque
429 1611 539 1669 aillictis
553 1608 659 1666 militiae
678 1604 866 1679 primoribus,
888 1602 1011 1659 substitit
1032 1600 1127 1669 biduo,
1179 1599 1310 1670 periculis
1324 1602 1541 1661 involverentur.
1556 1604 1641 1662 Plena
1663 1615 1727 1663 erat
1740 1606 1787 1664 via
1808 1606 1951 1679 impedimen
1977 1601 1978 1682 l

323 1710 400 1784 quasi
413 1708 502 1765 fessos
514 1712 700 1777 reparaturus.
715 1700 770 1759 Sed
793 1714 855 1756 cum
872 1697 967 1771 magis,
992 1711 1025 1753 ac
1040 1697 1127 1769 magis
1179 1700 1356 1766 torumque
1379 1694 1517 1769 fugientes
1538 1698 1654 1757 Rotnani
1676 1700 1911 1774 derelinquebant,
1929 1717 1950 1759 ne
1977 1685 1978 1756 ζ

323 1804 416 1877 augeri
431 1816 575 1859 numerum
590 1797 709 1855 bostium
729 1803 872 1862 cerneret,
883 1802 912 1851 et
922 1792 1012 1849 ontrria
1030 1791 1058 1847 in
1073 1789 1128 1846 cir·
1141 1784 1167 1846 tt
1178 1786 1282 1857 injusto
1294 1789 1437 1862 quisquam
1451 1791 1503 1848 sub
1517 1791 1592 1850 iasce
1605 1802 1821 1852 remoraretur:
1834 1796 1918 1868 passim
1922 1795 1950 1866 ja·
1977 1791 1978 1866 l

322 1897 398 1955 cuitu
409 1894 510 1953 relenta
523 1891 702 1960 adversariis,
716 1889 822 1961 sibique
832 1886 942 1944 nlicere
955 1883 1027 1957 quod
1042 1898 1129 1939 mora·
1181 1880 1282 1937 cebant
1296 1898 1372 1953 uasa,
1402 1886 1706 1955 utensilia,velctiam
1723 1890 1800 1947 bello
1819 1892 1948 1957 ameum,

322 1999 411 2059 retur,
436 2004 470 2047 eo
493 1987 565 2061 quod
590 1988 683 2059 plures
705 1988 958 2057 congregarentur;
987 1978 1069 2037 tortio
1083 1978 1130 2034 die
1179 1974 1497 2048 arcubalistae,erietee,
1511 1989 1666 2054 ceteraque
1676 1984 1859 2041 instrument,
1870 1985 1892 2040 tq
1902 1986 1949 2041 ug

321 2082 514 2156 compendium
539 2092 667 2152 quarens
689 2076 820 2133 transitus
840 2073 990 2141 facilioris,
1014 2070 1130 2143 impedi·
1179 2067 1285 2125 sionem
1299 2070 1376 2127 urbis
1387 2068 1515 2143 adducta,
1530 2090 1591 2146 que
1605 2085 1760 2148 sequentes
1771 2075 1858 2135 tutet
1869 2088 1948 2148 tratu-

321 2184 414 2235 menta
425 2174 542 2247 agminis
556 2181 569 2210 ι
583 2170 725 2228 admoveri
741 2166 872 2241 praecepit
884 2182 892 2220 ι
903 2162 1129 2235 emolumenta,
1180 2161 1274 2232 ibant,
1300 2179 1335 2222 ne
1358 2176 1453 2224 essent
1479 2184 1565 2225 murm
1580 2188 1588 2224 ε
1604 2180 1784 2230 revertentes
1804 2173 1946 2243 colligetuq¹
1977 2167 1978 2208 t

320 2272 453 2345 pleraque
475 2265 602 2325 vehicula
625 2260 813 2329 comminuta,
837 2258 945 2329 aliaque
973 2252 1130 2327 hujusmodi
1180 2266 1209 2310 ιιι
1223 2254 1489 2317 bisadversumeos
1512 2264 1700 2331 uterentur,¹>
1726 2280 1846 2338 quorum
1864 2266 1948 2322 multu

320 2363 471 2438 quaeoneri
486 2361 575 2435 magis
589 2374 669 2434 quam
692 2358 752 2415 usui
773 2357 799 2414 in
814 2354 943 2429 periculis
962 2358 1052 2416 erant,
1067 2365 1131 2407 con·
1179 2347 1331 2406 misissent.
1355 2351 1449 2409 Securi
1463 2354 1536 2411 eninr
1563 2358 1701 2429 usquead
1723 2359 1825 2416 urbem
1839 2359 1947 2431 Antipatn'·
1977 2329 1978 2418 l

320 2466 427 2531 sumpta
443 2465 488 2513 aut
503 2453 684 2527 praecipium,
700 2458 731 2507 ut
751 2448 927 2507 obsidionum
942 2446 1129 2502 instrumenta
1180 2439 1700 2523 dem,postraquampraerefgmggum
1722 2453 1947 2512 mmmmm

320 2562 368 2609 aut
379 2566 479 2625 genera
502 2545 746 2619 telorum,quibus
759 2542 841 2602 rebus
854 2541 972 2612 amplius
987 2548 1130 2596 conterre-
1179 2536 1330 2592 exercitum
1345 2536 1512 2610 Romanum,
1528 2552 1556 2599 et
1569 2545 1827 2615 comprehendendi
1845 2562 1898 2617 spes
1909 2547 1945 2616 lap·
1977 2547 1978 2596 ἰ

319 2650 433 2717 bantur,
449 2662 484 2703 ne
497 2645 644 2703 adversum
659 2657 690 2700 se
703 2641 811 2697 bostem
826 2638 885 2695 suis
898 2634 1029 2694 subsidiis
1040 2648 1130 2690 arma·
1181 2642 1226 2696 sa;
1247 2639 1408 2703 retorquent
1424 2636 1588 2710 vestigium,
1611 2648 1814 2713 captantesque
1835 2641 1906 2713 spotia
1916 2654 1948 2693 rr-
1977 2701 1978 2716 χ

320 2730 393 2801 rent.
406 2738 486 2811 Quod
500 2739 545 2796 ubi
557 2736 777 2793 animaduertere
787 2730 892 2799 ludaei,
906 2731 997 2801 lugam
1012 2728 1128 2800 potiusa
1180 2736 1285 2790 sorum,
1300 2740 1363 2781 cum
1379 2726 1517 2801 triumplro
1529 2736 1558 2787 et
1572 2728 1681 2803 hymnis
1695 2732 1905 2807 Hierosolymam
1919 2746 1945 2787 η.

321 2836 453 2894 Romanis
473 2848 554 2908 quam
570 2832 674 2890 bellum
697 2828 787 2900 parari
801 2870 808 2896 ,
824 2840 997 2896 occupavere
1022 2820 1131 2880 itineris
1180 2816 1352 2886 gradiuntur.
1368 2820 1474 2891 Quibus
1487 2832 1592 2881 tantum
1608 2825 1712 2884 letitiae
1724 2838 1863 2895 cesserat,
1875 2836 1947 2898 napae

323 2930 494 3002 angustiora,
516 2918 1023 2985 diliusioribuslocisminusinstare,
1038 2913 1133 2988 probi-
1180 2908 1221 2965 cis
1246 2925 1357 2967 suorum
1384 2914 1517 2986 amissis,
1543 2919 1664 2991 quinque
1689 2922 1781 2979 millia
1806 2918 1945 2993 peditunle
1977 2913 1979 2922 ’

319 3025 385 3082 ltere
399 3037 414 3077 a
428 3023 530 3087 lronte,
542 3036 558 3075 a
573 3018 708 3076 lateribus
719 3021 864 3072 coarctare
876 3054 884 3081 ,
897 3027 1019 3085 urgerer
1032 3020 1130 3082 tergo,
1181 3005 1303 3062 exercitu
1317 3005 1443 3065 Romano
1458 3019 1486 3066 et
1502 3013 1617 3069 trecenti
1641 3014 1752 3087 equites
1778 3018 1945 3087 exsanguem
1977 3035 1978 3076 1

320 3132 423 3191 cogere
448 3117 476 3173 in
491 3113 688 3187 precipitium,
713 3111 740 3166 in
762 3107 834 3181 quod
858 3107 980 3179 undique
1008 3103 1131 3163 conclusi
1181 3102 1235 3154 tur.
1253 3098 1330 3167 Quod
1345 3112 1452 3173 gestum
1467 3115 1512 3160 est
1535 3121 1575 3163 ιιι
1600 3122 1672 3164 auno
1685 3106 1801 3182 imperii
1812 3108 1919 3171 Neronis,
1928 3113 1944 3160 tt
1977 3109 1979 3169 t

321 3224 370 3272 aut
389 3215 461 3287 lapsi
482 3212 683 3286 dejiciebantur
709 3228 716 3267 ι
732 3209 858 3281 plerique
883 3207 1013 3264 obtexere
1026 3200 1128 3259 ctelom
1141 3216 1165 3282 C
1180 3206 1262 3267 supra
1275 3198 1499 3257 memoravimus.
1977 3170 1979 3228 l

318 3310 431 3383 jaculis,
455 3308 564 3379 operire
583 3321 681 3379 agmen
706 3304 829 3375 sagittis,
846 3314 994 3373 numquam
1010 3298 1129 3356 renuisse
1477 3292 1592 3353 CAPUT
1613 3294 1686 3357 pgqg⁸
1977 3307 1979 3390 ἴ

322 3404 426 3472 olilcio,
449 3402 498 3459 sed
512 3402 571 3458 sola
591 3398 813 3456 aduersariorum
833 3395 967 3468 pernicio.
988 3391 1049 3449 lam
1078 3402 1130 3447 nco
1217 3380 1272 3440 Sed
1296 3399 1350 3441 uon
1364 3387 1486 3443 omniurn
1510 3386 1668 3446 ludaeorum
1684 3390 1733 3448 illa
1747 3393 1885 3451 exsultatio
1901 3396 1943 3445 ent.

322 3500 375 3571 ipsi
390 3497 495 3569 pedites
506 3494 658 3552 subsistere
671 3498 819 3564 poterant;
838 3486 976 3560 equitibus
991 3498 1059 3542 vero
1069 3497 1128 3539 ma·
1181 3472 1357 3546 Namiuere,
1379 3479 1470 3551 quise
1493 3491 1556 3553 post
1577 3481 1722 3541 illamuon
1739 3500 1855 3559 pugnam
1876 3480 1942 3543 certi,
1977 3501 1979 3558 q

320 3594 366 3665 jus
377 3590 540 3664 periculum,
555 3590 601 3660 qui
615 3602 664 3658 per
678 3593 816 3659 praerupta
830 3596 959 3639 saxorum
971 3594 1004 3636 ac
1023 3577 1129 3634 lubrice
1180 3570 1229 3626 scd
1252 3576 1495 3647 aerumnamquasi
1516 3577 1551 3634 de
1579 3593 1708 3650 supremo
1738 3581 1858 3654 periculo
1877 3573 1944 3645 navigi
1977 3571 1978 3582 ¹

323 3684 481 3742 labentibus
506 3682 586 3755 equis
609 3679 838 3744 devolvebantur,
860 3691 912 3733 nce
925 3673 1049 3731 ordinent
1070 3684 1131 3727 scr·
1180 3666 1331 3736 mergentis
1344 3668 1453 3741 eripere
1467 3669 1616 3741 gestirent,
1639 3680 1722 3745 atque
1736 3672 1889 3731 engranus
1903 3666 1944 3725 uri
1977 3731 1978 3740 ἵ

322 3794 389 3836 nare
411 3785 541 3851 poteraut
562 3783 679 3849 angusto
701 3773 827 3846 impediti
842 3772 962 3828 tramite.
977 3768 1019 3825 Ex
1043 3767 1130 3823 altera
1182 3758 1246 3815 tatis
1258 3759 1410 3833 naufragio,
1434 3778 1467 3820 ac
1491 3779 1549 3837 ,πω
1562 3767 1670 3824 efficeris
1693 3763 1944 3827 cgggogmgng.

325 3880 405 3945 porte
426 3884 509 3942 rupes
522 3912 530 3939 ,
543 3884 578 3926 ex
597 3871 683 3925 altera
698 3864 850 3940 praecipitia
865 3873 893 3922 ct
910 3863 980 3937 fugae
999 3862 1090 3917 locum
1104 3869 1133 3916 et
1181 3849 1225 3907 lus
1240 3849 1327 3909 irater
1339 3867 1402 3909 cum
1414 3854 1540 3929 Philippo
1550 3857 1789 3930 principemilitiae
1801 3862 1868 3935 regis
1881 3854 1944 3927 dgn'v

323 3964 493 4023 detensionis
502 3961 649 4035 negabant.
663 3959 750 4018 iudai
766 3969 862 4015 contra
876 3971 926 4029 spe
937 3953 1062 4013 victoria
1072 3966 1131 4007 anr-
1181 3957 1223 4014 pae
1240 3961 1247 3998 :
1265 3943 1293 4000 bi
1309 3944 1444 4017 rugientes
1455 3948 1489 4005 ad
1501 3948 1623 4007 Cestium
1635 3966 1697 4009 sese
1709 3954 1869 4017 contulere.
1885 3958 1944 4019 petet

323 4061 396 4133 plius
417 4057 653 4125 accendebantur,
668 4053 849 4111 imminebant
870 4052 967 4118 iessis,
992 4048 1132 4105 instabant
1182 4043 1224 4093 tes
1246 4037 1322 4094 utad
1340 4038 1478 4099 Neronem
1494 4043 1521 4099 in
1540 4043 1670 4102 Achaiam
1695 4046 1883 4121 dirigerentur.
1894 4037 1942 4111 Qui
1977 4089 1979 4121 ,

323 4150 503 4217 barentibus,
518 4146 687 4205 insultabant
697 4143 919 4217 desperantibus,
932 4150 960 4199 et
973 4155 1060 4213 prope
1073 4154 1131 4194 om·
1181 4129 1291 4189 Cestius
1318 4135 1414 4193 volens
1436 4140 1558 4210 accepit,
1584 4155 1635 4199 nec
1663 4144 1803 4213 postulata
1827 4140 1943 4204 amnuo
1977 4131 1979 4206 l

323 4260 374 4303 ncs
396 4242 512 4299 Romani
539 4240 677 4298 exercitus
701 4238 842 4294 delessent
868 4236 979 4307 copias,
1002 4234 1057 4291 nisi
1077 4247 1131 4289 nox
1182 4239 1232 4296 per
1251 4228 1326 4299 ipsos
1351 4228 1444 4289 Gaeaar
1464 4233 1766 4306 edoceretur,causam
1796 4234 1942 4297 bellilluttt
1977 4213 1979 4244 ³

324 4335 500 4394 subvenisset
528 4352 534 4389 :
563 4332 642 4405 cuius
668 4330 792 4388 tenebris
821 4328 924 4386 bellum
951 4326 1131 4400 impeditum,
1182 4320 1279 4390 luisse
1292 4325 1343 4381 sibi
1355 4326 1410 4383 vim
1421 4330 1540 4387 maxime
1550 4332 1725 4391 necessitatis
1736 4329 1941 4392 permittuntque,

325 4444 406 4502 quam
419 4424 537 4484 Romani
547 4425 573 4481 in
587 4424 714 4497 proximo
728 4424 790 4481 loco
800 4421 856 4497 (coi
868 4420 1008 4479 Bethoron
1019 4418 1132 4489 nomen)
1183 4423 1214 4470 ut
1226 4415 1364 4488 inopinata
1370 4422 1587 4490 conspirantium
1598 4424 1776 4485 multitudine
1788 4418 1943 4485 exercitum·

326 4532 459 4596 egerunt:
475 4523 511 4579 ita
538 4527 569 4577 ut
590 4518 678 4577 ludaei
693 4518 851 4575 circumfusi
866 4516 987 4589 undique
1006 4514 1132 4588 specula·
1185 4512 1391 4570 cumveniretur
1407 4532 1414 4568 :
1429 4531 1510 4587 quern
1524 4518 1612 4590 magis
1637 4518 1755 4576 consilio
1773 4520 1942 4585 doctseuptu

324 4625 421 4673 rentur
448 4616 572 4672 locorum
596 4613 696 4681 exitus,
725 4628 760 4669 no
785 4610 903 4667 llornani
931 4609 1129 4666 dilaberentur.
1184 4601 1323 4672 periculo,
1338 4620 1420 4677 mam
1436 4608 1603 4680 implicatum
1615 4610 1763 4685 linqueret.
1777 4604 1943 4672 Tentassetet·

328 4708 437 4767 Cestius
450 4715 546 4779 aperto
562 4706 662 4764 itinere
682 4705 829 4775 diflidens,
844 4704 908 4762 dolo
930 4704 1022 4776 lugam
1043 4710 1132 4759 tenta·
1186 4697 1254 4755 tium
1262 4702 1382 4759 excitata
1397 4705 1424 4761 in
1439 4705 1552 4765 Florum
1563 4709 1624 4766 odia
1639 4710 1750 4783 sedare,
1761 4713 1809 4771 sed
1819 4706 1942 4782 aequiust·

329 4801 378 4856 uit.
405 4800 589 4870 Quadraginta
616 4798 707 4869 itaque
732 4798 815 4869 elegit
840 4794 1045 4866 viros,quibus
1070 4809 1133 4851 cva-
1186 4794 1281 4869 ltaque
1303 4798 1434 4869 incidisse
1453 4802 1573 4874 bellum,
1601 4821 1657 4863 non
1672 4806 1810 4866 intulisse.
1825 4807 1880 4864 lieo
1896 4797 1942 4856 run

329 4892 411 4950 dendi
429 4891 585 4964 desperatio
598 4899 783 4962 contemptum
796 4890 891 4946 mortis
915 4888 1051 4945 infuderat
1064 4906 1071 4944 ε
1084 4901 1132 4946 cos
1186 4892 1316 4949 mandata
1341 4904 1436 4963 erant,
1464 4905 1494 4953 ut
1521 4900 1708 4959 commotione
1721 4903 1796 4960 omni
1816 4888 1942 4959 casensi

328 4984 472 5045 constituit
495 4985 523 5039 in
548 4983 750 5040 munitionibus
773 4989 922 5054 precepto,
936 4988 966 5037 ut
980 4988 1038 5037 tota
1051 4991 1133 5038 nocte
1187 4985 1299 5043 l'lorum
1313 4988 1448 5059 excitata,
1465 4992 1552 5049 minui
1562 4994 1636 5052 circa
1646 5011 1677 5053 se
1686 5004 1811 5069 speraret
1819 4980 1943 5052 ommni
1977 4989 1979 5065 ζ

331 5093 393 5137 cum
419 5077 536 5148 strepitu
562 5075 683 5132 marimo
699 5074 791 5131 oiilcia
815 5071 1045 5145 praetendentium
1060 5074 1133 5130 uallo
1187 5077 1353 5149 sensionem,
1369 5097 1450 5154 quarn
1464 5086 1634 5159 malegestm
1655 5089 1697 5146 rei
1718 5087 1875 5148 conscientia
1888 5074 1942 5154 peti'r

328 5172 581 5235 circumsonarent,
596 5183 630 5223 ne
646 5164 749 5223 ludaeis
773 5163 976 5237 proiicisccntis
994 5164 1132 5221 exercitus
1188 5173 1337 5229 mescebat.
1351 5174 1391 5231 lta
1403 5187 1495 5235 autem
1508 5180 1634 5253 plerique
1647 5184 1789 5254 perterriti
1796 5191 1854 5242 sant
1863 5166 1942 5236 nonan

330 5269 497 5338 apparatus,
511 5260 647 5332 aliquibus
658 5259 748 5316 solitis
762 5258 870 5315 indiciis
886 5258 1130 5315 ntanilestaretur:
1186 5264 1434 5338 clade'exercitus,
1451 5281 1481 5328 ut
1499 5272 1660 5332 Damasceni
1681 5287 1833 5335 metuentes
1847 5271 1941 5340 snspedt

329 5362 429 5433 quibus
443 5371 505 5414 sese
519 5355 571 5428 ipsi
594 5354 763 5426 quicumque
779 5353 935 5424 turbantur,
952 5352 1070 5425 prodere
1089 5367 1135 5409 so·
1188 5359 1328 5417 societatis
1340 5363 1486 5437 contagia,
1500 5376 1612 5439 propter
1625 5367 1806 5428 habitationis
1814 5360 1940 5426 comque

330 5453 411 5512 lent:
436 5450 549 5509 silentio
576 5456 669 5505 autern
689 5446 1039 5519 egrederenturuniversi,
1067 5444 1136 5501 nihil
1186 5451 1378 5511 interimerent
1390 5455 1500 5515 iudaeos
1522 5460 1549 5515 in
1573 5462 1718 5535 gymnasio
1740 5442 1940 5537 congregatostffl'

331 5546 555 5623 suspectantibus
577 5542 697 5610 Judaeis3
712 5540 761 5615 qui
784 5541 924 5599 solemnes
949 5541 1134 5599 curstodiarum
1185 5558 1279 5603 secum
1294 5548 1390 5605 urbem
1416 5550 1572 5609 incolebant
1600 5570 1608 5608 a
1630 5554 1705 5628 quud
1727 5554 1822 5614 illivel
1831 5544 1941 5621 ruptum

367 5785 379 5813 ¹
397 5772 508 5829 iictori.
518 5772 556 5830 lu.
938 5850 958 5859 .,
1172 5770 1188 5811 b
1204 5772 1258 5841 Qut
1271 5790 1304 5831 eu
1317 5775 1475 5836 diuisissent.
1488 5778 1528 5838 lu.
