4075 6359
45 303 97 360 et
547 276 635 367 nisu.
657 308 701 365 oe
721 304 860 365 exuuio
880 304 1014 365 pronos.
1034 304 1138 367 unsis
1156 306 1220 365 nto.
1241 308 1262 367 t.
1657 314 1728 372 ross

43 416 118 473 »bis
133 460 146 485 ,
168 426 213 477 et
228 427 305 492 puter
317 433 332 476 a
345 432 399 491 quo
409 420 618 489 orestisunsus,
633 422 680 477 ulii
693 428 735 478 est
748 421 877 479 Hieroso·
889 425 915 485 Α
929 418 1018 475 intra:
1041 418 1089 475 tint
1108 435 1175 492 erpo
1191 421 1299 486 bonus,
1314 420 1361 489 qui
1377 420 1434 476 suit
1447 420 1543 479 sidere
1561 423 1725 493 iiorninuns,

43 524 81 563 m
103 512 246 571 civitas
261 526 322 585 que
334 520 377 571 est
390 520 478 570 mater
492 514 693 572 omniurn.Sed
707 531 768 587 quse
780 525 823 572 εει
836 515 878 571 iu·
929 519 958 567 ot
978 512 1116 583 quodest
1134 513 1247 569 bonnm.
1269 511 1358 583 liujus
1377 511 1440 567 boni
1461 514 1729 584 sisnilessisnus,et
1764 584 1769 598 ,

43 620 50 657 ι
65 603 83 658 i
103 604 196 662 Non
213 608 306 680 utique
319 606 436 677 pedum,
450 607 498 679 qui
511 618 575 664 sunt
588 606 729 680 eorporis;
745 607 791 663 isti
804 607 877 665 enisa
929 604 1080 661 secuudum
1094 605 1122 662 id
1136 620 1283 677 operemur
1295 619 1358 676 quse
1372 604 1445 660 bona
1459 614 1533 662 sunt.
1550 605 1608 663 doe
1621 616 1666 664 est
1677 608 1728 665 lto-

43 712 251 772 noeumque
264 709 395 768 ourruttt,
411 700 438 757 in
454 706 528 757 terra
541 708 670 769 currunt,
684 709 713 757 et
725 700 759 756 de
771 700 831 756 solo
844 698 879 754 ad
929 712 995 753 uusn
1019 698 1093 769 quod
1113 713 1195 769 supra
1217 711 1330 755 oannem
1352 698 1541 768 operationem
1561 705 1621 767 est,
1644 715 1729 772 suprs

43 788 140 847 sium
172 802 341 850 transeunt.
361 792 418 851 Nea
440 794 704 866 nasibusiugisnrus
722 806 769 850 aut
791 794 879 850 curri·
927 800 1039 847 'omnem
1054 788 1577 866 mentemstqueiotelieetum‚ipsurn
1597 793 1730 867 estquod

43 897 82 937 us
97 924 109 949 ,
140 894 211 942 aut
232 889 311 958 equis
332 886 378 959 qui
390 887 547 960 obligantur
558 896 587 945 ot
600 886 719 954 osdunt;
733 886 782 943 sod
793 885 879 958 iugis·
928 887 1170 954 sempes'msnet,
1186 882 1256 940 deas
1268 884 1362 941 uivere
1377 891 1407 940 et
1419 898 1483 941 esse
1501 886 1647 955 omnibus3
1662 888 1729 960 quis

43 990 100 1033 tus
127 978 248 1037 animo
266 989 295 1039 ει
312 979 416 1049 oeulis,
437 988 484 1037 sut
503 980 619 1053 pedibus
636 978 815 1035 interioribus
833 994 878 1035 as-
927 975 990 1033 ions
1013 985 1057 1034 εει
1076 979 1199 1035 omniurn
1220 979 1285 1035 sita
1306 978 1450 1050 Christus,
1466 979 1503 1037 de
1522 997 1576 1053 quo
1596 983 1730 1054 proptiets

43 1085 237 1131 nascamus
256 1073 353 1131 oculos
371 1081 483 1131 nostros
502 1072 597 1130 videro
620 1088 682 1144 quse
703 1070 824 1127 dilucida
849 1081 878 1129 ει
928 1070 983 1126 sit:
998 1068 1034 1125 in
1053 1069 1146 1126 amira
1166 1074 1224 1145 ejas
1243 1072 1369 1127 vivemus.
1386 1071 1465 1129 Nune
1482 1074 1556 1130 enirn
1576 1074 1630 1129 sita
1643 1084 1731 1132 neura

43 1166 122 1221 turn
149 1178 250 1237 sunt,
266 1176 394 1240 spectare
408 1166 512 1224 ruitum
531 1165 707 1222 continentie
725 1172 755 1221 ει
774 1172 878 1236 tempe-
928 1162 1080 1218 abscondita
1107 1163 1136 1217 in
1163 1161 1266 1219 Christo
1295 1172 1358 1219 est:
1386 1181 1446 1219 casn
1468 1175 1554 1221 aurens
1578 1169 1731 1239 apparuerit

43 1260 175 1327 antiae,
192 1274 348 1333 omnesque
357 1261 490 1328 uirtutes3
504 1259 531 1345 in
544 1258 645 1329 quibus
658 1256 723 1313 nihii
737 1256 876 1325 scabrum,
928 1257 1049 1314 Cisristns
1066 1259 1120 1313 sita
1134 1266 1242 1326 nostra,
1258 1266 1283 1313 et
1298 1274 1345 1313 nos
1358 1259 1541 1329 apparebimus
1557 1262 1690 1333 cumipse
1704 1263 1733 1317 in

43 1350 119 1409 tituil
139 1353 308 1411 obscurum
323 1363 351 1411 et
364 1361 516 1410 tortuosum
532 1351 584 1407 sit:
598 1358 627 1407 et
639 1350 759 1422 seipsum
772 1357 879 1421 spoetet
927 1351 1023 1423 pieria.

43 1446 113 1519 puis
140 1456 181 1505 et
201 1448 400 1505 conscientiam
420 1461 514 1513 suam,
530 1444 606 1502 ilium
621 1443 728 1501 oculum
743 1442 875 1510 mundet;
964 1444 1008 1501 55.
1035 1444 1108 1517 Erpa
1130 1459 1185 1501 stou
1208 1446 1352 1501 timeamus
1375 1457 1511 1515 inuitem,
1534 1448 1663 1519 quoniam
1687 1464 1731 1505 re-

43 1554 77 1596 se
98 1542 189 1613 quid
206 1540 350 1599 sordidum
365 1540 474 1597 trahent.
496 1536 575 1607 Quod
595 1535 667 1593 enim
686 1534 807 1605 ridetur,
822 1550 877 1592 uon
927 1537 1006 1607 quies
1027 1545 1070 1594 est
1090 1537 1234 1609 corporis,
1255 1536 1355 1593 anima
1374 1546 1466 1594 autent
1487 1538 1533 1595 uel
1553 1540 1667 1597 libertas
1687 1542 1731 1597 vei

43 1630 146 1689 tebet
172 1632 321 1689 dissonare
339 1631 375 1688 sb
391 1646 425 1688 eo
443 1630 490 1703 qui
509 1628 600 1697 videt;
621 1628 750 1700 quostiam
764 1626 875 1684 aonios·
927 1630 1077 1687 absolutio.
1100 1630 1157 1689 Νεε
1179 1646 1325 1688 seramus
1346 1646 1408 1687 euni
1431 1632 1477 1704 qui
1503 1640 1595 1704 potest
1617 1649 1730 1692 earnem

43 1740 114 1781 nes
132 1740 198 1783 nos
213 1726 288 1781 Deus
302 1723 429 1797 imaginis
440 1722 526 1780 soluit
538 1736 602 1779 esso
614 1720 678 1777 Filii
691 1721 746 1779 sui.
927 1723 1102 1795 interficere,
1128 1725 1249 1781 animans
1271 1733 1362 1781 sutem
1382 1740 1437 1783 non
1452 1734 1562 1797 potest;
1587 1728 1651 1799 quis
1673 1742 1729 1784 non

82 1818 144 1875 54.
171 1816 323 1891 Cognitum
342 1818 425 1890 igitur
444 1816 522 1874 nolsis
540 1823 585 1873 εει
598 1814 666 1872 iliud
682 1814 804 1881 bonurn,
826 1826 877 1869 neo
891 1816 916 1878 B
928 1818 1060 1876 timemus
1074 1834 1137 1875 eum
1153 1819 1199 1890 qui
1214 1827 1305 1889 potest
1319 1818 1512 1876 vestimentum
1533 1818 1660 1890 suierre,
1676 1834 1732 1876 non

43 1914 145 1985 ionge
163 1922 213 1971 est
226 1914 261 1971 ab
274 1928 437 1987 unoquoquo
451 1920 575 1969 nostrum
590 1926 598 1968 ι
611 1910 717 1982 inipso
730 1911 799 1965 enim
813 1910 878 1964 siui-
929 1911 1059 1969 tidteraus
1077 1926 1140 1967 euru
1162 1912 1209 1983 qui
1229 1918 1321 1982 potest
1340 1918 1435 1968 nostra
1459 1912 1561 1981 iurari,
1577 1928 1628 1969 tros
1642 1923 1734 1971 sutem

43 2022 136 2073 sirus,
153 2008 335 2074 admnonet
354 2006 599 2076 monemur,·ipsiar
611 2003 680 2060 eninr
700 2013 724 2059 et
738 2018 819 2075 penus
833 2018 879 2057 su·
928 2018 984 2061 non
1004 2012 1107 2076 potest.
1129 2001 1186 2059 Nos
1206 2002 1289 2075 igitur
1312 2003 1411 2060 anima
1432 2002 1535 2073 simus,
1559 2005 1583 2061 si
1606 2005 1733 2064 uolumus

43 2098 214 2173 irruemus.
230 2097 380 2171 uranii),
395 2094 879 2169 utdpostolnsgentilesuoiuitmo-
928 2112 991 2155 esso
1012 2096 1125 2155 flebeei
1146 2095 1182 2153 de
1202 2096 1237 2154 iis
1251 2097 1298 2168 qui
1321 2106 1387 2153 sunt
1404 2098 1473 2155 socii
1493 2096 1595 2167 iseob,
1621 2099 1648 2155 id
1670 2108 1731 2170 εει,
1767 2098 1774 2109 ”

44 2208 144 2250 nore.
174 2192 271 2265 ipsum
289 2191 423 2249 estenisn
443 2191 546 2247 bonrum
567 2189 642 2273 qupd
660 2189 828 2262 querimus,
849 2195 878 2245 et
930 2190 1083 2248 imitatores
1105 2191 1175 2262 eius.
1199 2189 1256 2247 Nos
1277 2190 1377 2247 animro
1400 2192 1504 2259 simas,
1527 2201 1621 2249 nostra
1641 2203 1734 2251 autem

45 2284 158 2342 solum
178 2285 304 2351 bonuau
324 2298 406 2345 nemo
421 2284 494 2340 enirn
511 2282 617 2351 bonus,
633 2281 687 2341 nisi
702 2281 778 2339 solus
793 2279 876 2337 Deus.
931 2284 1054 2341 instabis
1079 2284 1243 2342 vestimenta
1267 2293 1354 2340 sunt:
1377 2284 1513 2342 servanda
1536 2292 1602 2341 sunt
1624 2286 1734 2357 quidem

47 2378 111 2435 iiio
135 2388 184 2436 est
206 2378 324 2446 ocutus,
345 2377 391 2449 qui
411 2392 539 2449 magnum
552 2374 631 2432 illurn
646 2384 675 2433 et
687 2380 781 2433 uerum
795 2374 878 2431 deeo-
931 2382 1095 2435 vestimenta
1108 2393 1143 2434 ne
1156 2376 1328 2444 scindantur,
1340 2393 1376 2434 ne
1388 2378 1609 2434 inveterascant:
1624 2378 1673 2435 sed
1687 2378 1737 2437 iiie

50 2486 122 2527 rem
151 2470 288 2527 intuetur.
315 2470 408 2527 Solem
431 2468 485 2525 nisi
509 2482 595 2526 sanus
618 2477 647 2525 et
665 2468 761 2525 salens
780 2467 878 2524 ocutus
932 2472 1019 2545 magis
1033 2472 1079 2543 qui
1092 2469 1136 2526 his
1149 2470 1247 2537 utitur,
1265 2483 1378 2527 serrnre
1394 2484 1425 2527 se
1439 2470 1523 2527 dener
1542 2479 1571 2527 ει
1584 2470 1734 2531 custodire.

56 2578 124 2620 non
149 2563 270 2635 aspicit,
293 2577 344 2621 noo
366 2562 468 2619 boisum
491 2569 583 2632 potest
600 2560 694 2617 ridere
713 2561 767 2617 nisi
787 2560 879 2615 anima

659 2760 1160 2909 APPENDIX

119 2968 201 3055 AD
244 2961 517 3057 PRIOREM
561 2959 787 3047 TOMUM
822 2944 1336 3041 BENEDICTINIANAE
1373 2958 1688 3068 EDITIONIS.

235 3114 238 3117 ’
452 3144 1368 3381 MONITUQDJTORIS.
1448 3334 1451 3342 ¹

114 3441 148 3497 Si
168 3440 226 3509 quis
241 3437 419 3510 pessimiorem
433 3452 449 3490 a
463 3430 637 3489 Benedietinis
657 3426 795 3501 posteriori
803 3439 857 3480 sare
876 3422 999 3478 editionis
1013 3430 1090 3505 'tomo
1128 3420 1270 3504 renuissem
1277 3453 1289 3504 ι·
1298 3421 1451 3492 perieperr't,
1475 3424 1562 3479 stasim
1574 3438 1734 3495 compertum

74 3512 180 3568 iradeiit
198 3511 363 3567 doctissimos
377 3509 446 3563 uiros
462 3523 512 3560 ison
532 3504 611 3559 anias
623 3502 722 3573 praeis
737 3514 816 3570 opero
836 3494 953 3551 romairo
968 3494 1086 3548 unississe
1118 3493 1224 3547 mirasse
1237 3493 1344 3561 pardem
1363 3494 1478 3559 nornine,
1492 3498 1538 3550 sed
1550 3499 1691 3564 immerito,
1703 3515 1733 3560 ssr

74 3585 144 3657 ipsis
156 3576 239 3638 uisum
252 3590 299 3648 est,
314 3582 448 3651 inscripta.
462 3575 520 3631 Nos
530 3592 601 3641 sero,
615 3572 706 3644 quidus
717 3581 776 3626 ants
786 3568 873 3623 oninia
883 3566 955 3622 cordi
966 3574 1002 3647 est
1013 3566 1216 3647 uniuscujusque
1225 3562 1316 3647 Patris
1327 3565 1466 3621 editionem
1477 3569 1600 3625 recudere
1614 3574 1733 3629 omnious

75 3656 190 3709 nutrieris
211 3653 367 3718 sisoiutam,
391 3647 515 3717 quidquid
548 3660 655 3719 operans
675 3641 714 3699 uei
736 3642 883 3702 dubiarum,
908 3639 948 3692 oei
969 3644 1047 3690 ettam
1066 3647 1131 3717 eitra
1152 3643 1350 3717 controuersiam
1372 3638 1590 3708 apocryphorum,
1612 3652 1688 3712 atque
1715 3662 1733 3698 a

78 3725 249 3781 Benedictinis
262 3733 306 3779 aat
319 3723 525 3794 repudiatarum,
536 3728 582 3772 ant
607 3732 638 3771 ne
660 3722 859 3769 memoratorum
909 3707 985 3772 dent,
997 3708 1126 3776 esptsenrs
1137 3706 1249 3771 iieuerst,
1269 3707 1357 3760 ieetori
1371 3706 1490 3762 cedidere
1509 3711 1680 3779 destinandis,
1702 3731 1734 3768 ea

44 3840 45 3843 ,
78 3796 237 3852 solumunodo
251 3794 449 3868 praetermissuri
463 3806 521 3862 prta
532 3831 541 3858 ,
554 3786 679 3843 Patribus
697 3794 811 3840 anostro
825 3781 872 3835 dns
905 3780 959 3835 erio
971 3777 1078 3831 diuersis
1084 3780 1162 3849 juata
1177 3776 1289 3831 sanioris
1302 3777 1398 3832 criticae
1411 3779 1513 3849 reputas
1525 3782 1649 3852 ascripta,
1664 3784 1733 3839 inter

79 3866 461 3935 iiiorantoperareperiuntar.
776 3924 782 3937 ,
1239 3920 1245 3931 ‚
1284 3918 1290 3930 ,
1394 3919 1400 3930 ,
1431 3920 1464 3933 ,,
1672 3924 1706 3934 ,,

120 3938 151 3991 lit
166 3941 218 3993 isses
232 3937 336 4005 quidem
351 3934 425 3989 nodis
435 3930 647 4005 appredientiirts
659 3942 730 3981 meris
741 3938 855 3996 premunt
870 3925 955 3992 suerat
968 3932 1135 3992 quecumque
1145 3932 1290 3973 recensione
1301 3916 1523 3975 Benedsetrnsana
1535 3923 1734 3991 superaddrdss·

83 4024 165 4064 sesnsts
180 4006 212 4062 ad
232 4007 329 4063 eaieenr
344 4004 458 4075 Operum
477 4004 505 4057 in
526 4017 609 4056 anate
629 4014 722 4070 eorpus
744 3994 912 4050 coadunare:
933 4002 1021 4061 postea
1039 4004 1115 4058 uero,
1137 3990 1307 4043 nsateriaruns
1328 3990 1405 4057 eopia
1427 3991 1594 4061 quadruplex
1614 3995 1733 4049 ooiasnert

85 4083 206 4151 exipente,
219 4078 357 4133 necessitas
370 4074 517 4147 superuenit
529 4080 678 4126 nostrorum
691 4064 885 4125 Addendorusn
901 4071 1000 4132 partem
1013 4060 1096 4129 priori
1105 4059 1230 4114 editionis
1242 4058 1465 4116 Benedictinianre
1479 4071 1548 4115 tomo
1562 4064 1729 4133 sai'ssnpere.

87 4150 215 4223 posteriori
227 4164 286 4204 veru
299 4146 368 4215 quod
381 4152 523 4217 superesset
537 4156 677 4204 reservare,
699 4155 731 4193 ne
745 4135 845 4193 setttcer
859 4134 941 4189 nimio
955 4131 1032 4187 ntoiis
1046 4131 1222 4199 inaequalitate
1233 4132 1365 4186 saturnina
1378 4131 1567 4202 discreparent.
1619 4135 1641 4189 s's
1652 4134 1733 4205 ipisus

87 4221 224 4294 perpensis,
237 4220 316 4275 iiiios
329 4217 363 4274 do
376 4217 452 4274 Beiio
466 4214 580 4271 ludaico
594 4213 636 4267 iric
646 4210 688 4267 edi
698 4208 858 4271 missimus,
874 4219 938 4274 astos
952 4203 984 4259 S.
999 4202 1137 4258 Ansirosio
1150 4200 1317 4259 Benedictini
1326 4203 1429 4272 quidem
1442 4203 1613 4277 adjudieant,
1624 4208 1732 4263 aseritis

88 4303 170 4348 astent
182 4290 411 4355 Sedenenrannus,
423 4291 504 4361 jessa
517 4297 635 4356 nuperos
649 4279 781 4339 Maeocttii
794 4274 956 4335 etGaiinndi
976 4273 1118 4331 uindicias.

257 4458 1528 4639 snucutsnotnnosn
1605 4538 1612 4551 -

648 4722 938 4825 Multitudinis
970 4732 1137 4818 tuismet

144 4910 218 5063 tt
270 4888 567 5063 ttttttt
627 4898 846 5058 titttt
897 4888 1704 5088 dididdilridlid-Nii

209 5176 211 5180 ·
677 5145 831 5222 LIBRI
866 5140 1123 5238 QUINQUE.

654 5287 1179 5330 W

729 5389 1065 5487 PROLOGUS.

808 5550 996 5575 m

133 5646 233 5717 Quatuor
246 5642 332 5701 libros
355 5642 515 5715 Regnorum
544 5650 614 5711 quos
629 5634 773 5706 Scriptura
798 5644 874 5689 eom·
926 5638 1013 5699 usquo
1037 5623 1072 5682 ad
1097 5625 1285 5698 captivitatem
1311 5623 1468 5683 iudeorum
1497 5625 1624 5700 marique
1652 5634 1733 5689 osai.

105 5736 435 5813 praetermiseram
456 5735 517 5807 ipse
531 5732 603 5806 styla
624 5728 703 5790 brari
715 5731 878 5801 proseautus
928 5719 1051 5797 diuinet
1070 5718 1221 5793 Babylonis
1245 5717 1418 5791 triumphos,
1440 5717 1562 5776 urtone
1583 5718 1733 5785 innuerem

257 5830 397 5919 Parnon.
420 5826 493 5895 XV.
1512 5804 1554 5869 ii
