4075 6359
311 258 390 331 ⁴eoos
984 248 1293 313 stuortnttsnosn
1880 259 1926 321 an

314 376 357 431 nis
382 370 514 431 solemnis
537 369 699 443 triumphus.
726 367 797 437 Quid
812 367 886 425 enim
901 365 976 425 aliud
1003 368 1110 441 agimus
1123 373 1147 435 Α
1163 378 1284 425 terantus
1306 366 1426 425 bostem.
1452 366 1560 425 Primus
1584 368 1612 425 in
1635 365 1926 441 perieulomercrrrau,

313 466 452 537 qnotidie,
466 463 518 521 nisi
535 472 563 519 ut
578 462 656 519 nobis
677 476 744 517 rana
762 475 907 533 numquam
928 459 1019 531 prelis
1033 459 1111 515 sinti
1164 476 1213 517 nos
1232 460 1390 533 sequimini,
1405 469 1437 518 ot
1456 461 1613 533 depositum
1631 463 1721 535 patris
1743 464 1928 534 custodisset

311 554 1111 631 Untnsquisquedontqnasiinprutioerereetnr,ntinpra-
1163 556 1341 609 commissum
1358 553 1445 623 patris
1469 553 1630 611 reservetis.
1642 555 1702 627 Ego
1725 564 1871 612 autemnon
1883 560 1930 627 peri

309 644 1112 722 llomeditatioquaedamcertaminissit.lieniqucnonerra·
1161 645 1216 702 culi
1227 646 1318 702 socios
1329 647 1420 719 exigo,
1436 645 1487 703 sed
1501 655 1645 705 consortes
1655 648 1795 705 victoriae.
1809 648 1858 705 ios
1866 659 1930 707 unct
1968 687 1970 710 ι

312 745 380 800 uerit
391 743 532 815 qnisquam
553 754 690 809 asserens,
704 739 777 812 quod
791 738 983 795 meditationes
998 746 1109 805 nostra,
1164 750 1282 808 cavete,
1298 756 1333 797 ne
1355 740 1478 797 oblatam
1506 741 1586 799 tobis
1600 742 1725 813 palmam
1740 740 1864 812 triumphi
1875 744 1932 810 ,aliis
1968 719 1969 764 Ὗ

312 837 383 895 belia
398 835 458 892 sine
470 834 602 906 sanguino
626 832 701 899 sint,
717 832 788 889 bella
811 838 904 889 nostra
918 830 1112 887 meditationes
1162 846 1323 889 reservasse
1336 831 1496 900 videamini,
1510 834 1589 891 robis
1599 834 1750 907 eripuisse·
1761 831 1840 891 Certe
1850 837 1870 891 si
1879 851 1934 892 etas

310 932 373 987 sint.
391 927 585 1001 Progredietur
599 927 626 983 in
641 926 741 983 beilum
753 924 861 991 muniti,
875 923 995 997 undique
1012 921 1111 995 tegitur
1161 926 1295 993 cesserit,
1310 926 1385 984 malo
1399 943 1444 985 ms
1468 926 1553 985 lilium
1570 936 1649 998 gatar
1665 928 1697 985 iu
1711 928 1868 985 vulneribus
1887 931 1934 986 neit

308 1023 385 1093 galea
399 1028 490 1092 caput,
506 1020 589 1075 lorica
606 1026 715 1090 pectus,
732 1026 875 1089 totumque
884 1014 983 1089 clypeo
991 1029 1109 1085 eorpus:
1162 1029 1360 1092 recognoscat,
1380 1020 1406 1077 si
1419 1021 1447 1077 in
1460 1021 1595 1079 militibus
1607 1022 1666 1079 suis
1697 1036 1757 1077 oon
1771 1025 1935 1093 recognorerit.

305 1116 352 1173 ubi
375 1114 455 1171 ierint
474 1112 562 1169 hostis
590 1110 744 1167 liornanum
759 1110 893 1181 militem,
910 1108 1035 1179 reperire
1055 1122 1110 1163 nott
1162 1112 1300 1171 Ponamus
1316 1122 1407 1170 tamen
1420 1114 1523 1170 odertdi
1547 1124 1653 1187 patrem
1668 1115 1765 1187 prelii
1779 1116 1933 1187 aggressione.

308 1216 409 1283 potest,
425 1224 506 1280 quent
522 1207 597 1262 lerro
612 1214 719 1275 septum
742 1201 939 1273 circumspicit.
963 1200 1031 1257 Aliis
1046 1195 1111 1255 talia
1159 1205 1233 1277 Quid
1244 1207 1328 1280 igitur
1340 1208 1534 1278 tolerabilius,
1549 1209 1736 1281 praeripuisse
1759 1208 1936 1274 victorinum

305 1318 381 1357 antra
392 1302 468 1358 oneri
485 1309 561 1364 sont,
579 1298 657 1355 nobis
668 1297 869 1370 integumento,
881 1296 944 1368 quia
956 1294 1111 1352 usulersn·
1161 1299 1336 1358 deseruisset
1354 1300 1384 1356 ln
1398 1301 1586 1373 proripiendo
1612 1301 1777 1373 propansis
1800 1301 1937 1358 torttntinis

305 1405 362 1452 tur.
377 1394 528 1451 ddnersnm
545 1391 665 1447 inermes
679 1390 763 1460 igitur
776 1405 808 1446 ac
822 1386 909 1444 nudos
923 1386 1047 1459 praelium
1062 1400 1112 1441 nc·
1161 1402 1215 1461 est,
1228 1392 1256 1447 in
1267 1390 1425 1449 deserendo
1443 1394 1524 1465 culpo
1546 1394 1673 1465 ignavie.
1698 1392 1869 1453 condemnet
1884 1407 1937 1453 certe

307 1489 350 1545 bis
364 1495 417 1543 cst.
438 1489 479 1544 Αιι
499 1500 565 1543 vero
577 1482 745 1550 ntetuimus,
768 1497 803 1539 ne
817 1494 933 1537 numero
957 1480 1110 1536 circumte-
1162 1485 1285 1540 uictores
1299 1490 1380 1556 pater
1392 1525 1402 1552 ,
1416 1496 1523 1543 reatum
1536 1486 1696 1559 nnjnsnodi
1721 1502 1778 1545 oon
1801 1487 1937 1545 relcrnilo:

306 1579 435 1638 niamurl
464 1578 586 1635 Primum
610 1576 679 1633 iiber
703 1574 731 1630 in
754 1573 856 1646 praeliis
878 1572 1016 1645 equitatus
1041 1580 1107 1641 est,
1161 1575 1236 1632 malo
1249 1590 1315 1632 rcus
1334 1590 1398 1635 csse
1412 1578 1601 1651 triumphante
1623 1580 1879 1654 republica,qusot
1893 1583 1937 1638 less

305 1672 430 1731 cedendo
454 1680 538 1743 atque
562 1666 766 1741 insequendo·
791 1666 893 1723 beilum
919 1663 1050 1737 proludit.
1075 1663 1110 1719 Et
1161 1669 1304 1729 innqxins,
1318 1671 1431 1730 utinam
1442 1674 1681 1749 fflnntri'rofqmq
1694 1677 1803 1746 fitium,
1817 1679 1937 1735 ηιιηςιι.

306 1766 432 1840 quamvis
445 1766 578 1822 maximas
589 1763 663 1821 acies
675 1763 885 1827 circumcursat,
896 1768 922 1817 et
934 1758 1032 1831 quibus
1047 1756 1109 1814 libi·
1123 1774 1148 1838 B
1161 1766 1321 1824 militiisque
1336 1766 1439 1826 {mium
1452 1770 1593 1842 „ericum
1607 1786 1690 1845 quem
1706 1773 1802 1831 muri
1812 1784 1883 1845 μω
1891 1776 1933 1845 jn,

306 1871 365 1919 tum
390 1860 470 1918 luerit
483 1857 579 1930 spatiis
591 1857 709 1914 excedit.
736 1855 841 1913 lleinde
855 1855 882 1911 in
899 1856 958 1927 ipso
986 1852 1108 1926 pedestri
1159 1860 1196 1915 sit
1211 1858 1298 1927 feriri,
1313 1860 1386 1932 quod
1399 1872 1497 1919 contra
1509 1863 1658 1935 imperium
1673 1866 1767 1937 patris
1776 1866 1909 1923 exercituo
1919 1869 1936 1922 ia

303 1954 465 2021 certamine,
474 1966 527 2008 non
538 1960 592 2007 tam
601 1963 731 2006 numerus
739 1946 1106 2022 pluriumconlteitpugnam,
1159 1954 1268 2011 postem
1287 1954 1466 2025 produxerat,
1489 1956 1588 2015 stabat
1609 1959 1740 2017 goggsug
1753 1960 1834 2017 mig
1854 1960 1935 2017 ιιοιι

302 2048 480 2119 quamnirtus
492 2058 650 2113 paucorum.
661 2041 802 2099 llultitudo
813 2041 963 2113 disciplinis
974 2040 1107 2107 insoleus,
1157 2063 1236 2117 cens,
1249 2051 1367 2109 amictus
1384 2050 1495 2109 adoreis
1521 2052 1748 2125 triumplialibus,
1769 2055 1822 2113 sub
1837 2056 1935 2111 carnifice

304 2139 364 2211 ipsa
374 2138 425 2195 sibi
439 2147 480 2195 est
495 2136 690 2208 impedimento
712 2135 739 2191 in
759 2133 900 2206 prosperis
909 2133 943 2188 ad
954 2131 1106 2198 uictoriam,
1157 2144 1255 2200 morus
1277 2159 1393 2202 securus
1409 2187 1418 2213 ‚
1436 2146 1568 2217 quonjam
1594 2149 1789 2207 qggqgsjmgm
1805 2151 1935 2223 pungui„

304 2231 333 2290 in
349 2231 473 2289 aduersis
488 2230 522 2286 ad
537 2228 737 2302 lugamllirlus
751 2242 817 2283 tero
826 2227 933 2299 patiens
943 2234 970 2282 et
979 2222 1108 2281 secundis
1158 2236 1275 2294 victoria
1295 2239 1378 2295 mosi,
1401 2238 1474 2309 Qupg
1497 2241 1570 2298 ,nrm
1596 2243 1765 2311 mumius,
1786 2258 1864 2316 qm,
1877 2246 1934 2299 ,qm

303 2326 428 2393 valescit,
445 2340 496 2382 nec
517 2338 606 2395 usque
621 2321 655 2378 ad
671 2322 752 2377 finem
764 2320 863 2377 labitur
878 2319 904 2374 in
921 2317 1054 2374 adversis.
1066 2316 1107 2373 Ac
1157 2331 1298 2403 “gumpho
1315 2332 1444 2390 claugor,
1454 2374 1463 2403 ‚
1485 2350 1537 2391 ,ης
1560 2335 1595 2391 ag
1610 2335 1718 2393 rupem
1742 2353 1834 2395 mm„
1858 2338 1933 2393 mg

301 2420 374 2479 cedit
394 2418 471 2489 illud,
483 2418 557 2491 qnod
579 2414 725 2474 assuetudo
740 2414 927 2481 victoriarum,
940 2412 1108 2469 incentivum
1158 2435 1221 2493 post
1234 2436 1338 2481 carram
1354 2427 1557 2484 victoriantlo
1577 2429 1766 2501 expetendum
1790 2430 1933 2503 prudentibts

301 2514 381 2571 1¹⁰¹)is
393 2512 427 2568 ⁵5¹
443 2509 595 2582 lllffillissdi·
610 2508 679 2565 Nini
693 2508 743 2565 0¹⁵5
755 2506 795 2563 5¹¹¹
816 2506 981 2578 propensa,
998 2520 1049 2577 1³¹⁰
1073 2502 1106 2558 ¹5·
1156 2518 1416 2576 crimenrictoriael
1428 2519 1538 2579 Utinam
1560 2532 1590 2579 et
1613 2523 1694 2581 nobis
1717 2522 1776 2582 boc
1796 2523 1931 2596 objiciam.

301 2604 374 2661 beris
387 2603 538 2670 dimicant;
555 2617 607 2659 non
620 2601 682 2659 ideo
696 2599 878 2671 promptiores
889 2612 936 2655 cos
949 2613 1011 2655 esse
1022 2611 1104 2667 quam
1155 2611 1228 2683 quoq
1240 2614 1401 2670 vigesimus,
1411 2613 1495 2673 cmg
1515 2615 1563 2671 qq„
1578 2616 1707 2687 exemplo
1733 2617 1813 2673 „lug
1826 2631 1872 2689 ῳ
1882 2616 1933 2687 We

302 2715 354 2758 nos
368 2707 487 2772 oportet.
499 2698 594 2771 Neque
606 2695 681 2754 enim
695 2694 845 2762 minusest,
858 2692 942 2749 itumo
954 2691 1026 2747 baud
1048 2692 1106 2747 scio
1155 2707 1283 2774 cmpos,
1296 2723 1346 2764 ,ος
1357 2708 1573 2783 ιήῃωριηὴηῑς,
1594 2710 1630 2767 gg
1650 2719 1748 2769 umen
1758 2726 1815 2769 120„
1825 2710 1931 2783 pfgpqgn

300 2811 336 2851 sn
348 2791 577 2866 ettamantptiusb
593 2790 671 2848 ¹¹⁰bis
684 2804 765 2861 (lulnl
776 2784 1103 2859 lll⁰⁰0⁵¹¹l⁸l¹⁰⁰⁰ffl0l⁰·
1156 2816 1207 2857 nos
1221 2813 1299 2873 pater
1315 2817 1457 2875 pugnare,
1476 2803 1628 2876 sediussit,
1642 2819 1716 2877 quos
1731 2804 1768 2863 ad
1789 2802 1931 2877 pugnandi

302 2889 358 2947 Pro
371 2888 450 2945 nobis
466 2885 631 2960 praeliamur,
647 2892 746 2941 etcum
759 2882 916 2954 praeliamur
931 2893 980 2951 pro
995 2879 1103 2951 gloria,
1155 2896 1238 2954 mig,
1256 2895 1333 2954 qud,
1345 2898 1433 2971 mgr,
1458 2897 1666 2971 ingqgmwmm
1680 2900 1824 2967 argum,
1842 2899 1930 2957 mg,

300 2998 335 3039 ue
348 2981 469 3039 minores
482 2981 570 3037 simus
580 2994 613 3035 eo
622 2975 695 3050 quod
710 2990 813 3032 sumus.
828 2973 895 3044 Quis
904 2987 970 3045 crgo
979 2971 1102 3039 dubitet,
1155 3000 1205 3045 ,ως
1215 2986 1394 3059 summm
1405 3005 1549 3062 „0⁸50ng
1560 2992 1928 3066 ,qncgffiqugmpgmigg

299 3075 361 3144 plus
380 3088 441 3131 esse
466 3087 516 3146 pro
529 3072 615 3143 gloria
635 3070 802 3136 decernere,
828 3084 910 3141 quarn
926 3082 974 3139 pro
995 3066 1104 3125 salute!
1443 3099 1560 3161 CAPUT
1581 3102 1667 3161 m·

298 3166 384 3225 Nobis
395 3175 487 3225 autem
503 3165 603 3223 bellum
623 3163 675 3221 ltoc
688 3161 960 3236 praexistimationis
974 3168 1017 3219 est
1028 3161 1138 3255 peri-c
1189 3193 1382 3263 findimus,
1408 3195 1514 3268 primus
1537 3212 1640 3269 equum
1667 3198 1927 3272 mmmmm
1968 3183 1969 3186 κ

298 3261 379 3329 culo,
394 3260 482 3332 nejus
500 3268 606 3331 parturn
629 3256 785 3315 intercidat.
801 3255 991 3313 Periclitantur
1003 3256 1099 3323 etiam,
1152 3286 1275 3344 clamore
1286 3302 1385 3361 magno
1398 3290 1487 3346 “cmi
1499 3292 1682 3348 mmmm
1701 3306 1804 3365 mmm
1824 3288 1928 3349 mm„
1968 3307 1969 3314 ,

299 3356 417 3413 victores
432 3354 552 3426 gentium
564 3361 593 3410 et
601 3351 737 3423 principes
748 3350 824 3407 orbis
838 3348 1101 3417 terrarum,ludeis
1151 3380 1261 3450 bamur,

300 3464 380 3522 pares
391 3448 488 3515 rideri,
503 3461 573 3521 quos
584 3461 618 3502 ex
632 3460 711 3516 aequo
740 3443 819 3499 uobis
834 3454 845 3482 ι
871 3444 898 3498 in
911 3442 1100 3499 adversarium

292 3541 502 3605 constituimus,
515 3540 539 3595 si
550 3552 604 3595 non
620 3538 699 3595 aliter
711 3537 763 3593 nisi
780 3536 837 3607 pari
859 3550 973 3593 numero
986 3551 1100 3609 congre·

298 3636 416 3693 ‘'mnu‘'
432 3632 548 3705 M²j⁰f⁰⁸
561 3630 650 3687 '¹⁰⁵‘fi
665 3622 1007 3735 m²3⁰³⁵h⁰⁸⁶⁰mf⁰pi⁸⁸
1017 3644 1100 3701 ΡΜ
1150 3663 1250 3720 sistere
1265 3672 1414 3735 potuerunt
1432 3664 1533 3737 iudei,
1547 3683 1609 3725 cum
1620 3669 1743 3726 virorum
1757 3670 1876 3727 contiset
1887 3666 1927 3721 lm·

298 3744 381 3787 attanu
395 3728 553 3800 treqnnner
575 3724 713 3782 luderunt.
729 3724 762 3781 Et
776 3723 841 3796 quid
857 3723 935 3780 nobts
957 3724 1100 3781 conleruot
1152 3758 1221 3814 mim
1245 3773 1379 3830 equorum
1403 3761 1640 3831 perturbmmur·
1665 3762 1801 3823 conversi
1823 3759 1925 3834 imin

297 3822 456 3895 quotidiana
471 3817 621 3877 exercitia?
636 3817 700 3890 quid
714 3817 858 3874 diuturnus
871 3817 968 3886 labor,
984 3816 1007 3873 si
1019 3831 1100 3887 pares
1150 3851 1258 3910 dmm
1268 3853 1464 3926 alii,.p¹er3que
1475 3856 1572 3912 urbem
1587 3857 1730 3928 petebant.
1742 3858 1849 3916 Emicat
1860 3855 1923 3916 ms,

297 3914 331 3970 sd
344 3907 928 4017 praeliumuenimus?Nuntiarimusquidem
940 3908 1100 3967 desumere
1150 3955 1179 4003 e,
1190 3946 1259 4003 anos
1274 3962 1289 4002 a
1304 3956 1381 4019 mo
1399 3946 1534 4020 fugientes
1558 3950 1700 4022 opprimit,
1716 3952 1790 4009 alm
1799 3966 1838 4009 ω
1839 3950 1880 4016 dit,
1892 3960 1925 4017 pb

298 4007 379 4078 patri,
393 4020 457 4077 quta
471 4018 525 4060 nun
538 4002 638 4059 licebat
650 4001 723 4057 altud
737 4018 744 4055 :

295 4099 330 4158 de
353 4098 474 4172 periculo
488 4097 638 4163 metuisse,
653 4096 700 4153 sed
716 4096 897 4153 reverentiam
912 4095 977 4154 belli
994 4096 1098 4155 arbitro

295 4193 489 4249 reservavisse.
500 4189 576 4247 Licet
587 4187 728 4261 praelibare
742 4188 856 4257 bellum,
869 4198 962 4247 tenero
971 4192 1097 4258 bostem,

293 4280 920 4357 raperevictoriant.dnntadjutnentasstcniunt:
931 4298 1026 4341 neuon
1041 4292 1097 4339 tant

295 4387 438 4451 superatos
452 4376 626 4435 adversarios
654 4376 791 4432 communi
804 4376 914 4446 robore,
931 4392 1011 4449 quam
1034 4392 1098 4449 pro·

296 4482 383 4529 tectos
397 4486 446 4527 nos
458 4468 735 4539 uirtutesuajaetent,
744 4467 791 4539 qui
800 4467 1004 4537 venerint.'Quo
1014 4469 1098 4541 igitur

296 4580 345 4621 ore
355 4566 380 4620 in
391 4561 661 4633 cottspeetumpatris
675 4560 964 4628 veniemus,sibellum
975 4562 1096 4635 incipere

296 4656 483 4712 tinnuerimus?
493 4653 553 4723 Quo
562 4653 665 4725 pudore
677 4654 797 4725 degener
808 4654 881 4712 lilius
892 4655 990 4713 subibo
1000 4656 1096 4714 oculos

296 4747 365 4803 tanti
377 4748 444 4814 tiri,
461 4747 508 4818 qni
532 4744 635 4802 neseiat
652 4746 767 4802 militem
781 4762 861 4803 suum
881 4747 936 4804 nisi
960 4749 1094 4806 victorem

293 4839 407 4897 ridere?
426 4837 569 4909 Quomodo
583 4838 642 4907 ejus
661 4852 704 4895 me
728 4838 842 4896 militem
866 4840 987 4911 probabo
1006 4850 1035 4898 et
1059 4842 1093 4897 ll·

292 4934 371 5001 llum,
387 4948 450 4988 cum
465 4931 512 4989 ille
526 4945 636 5002 semper
651 4930 843 5003 triuntpltator,
857 4948 908 5005 ego
921 4935 1004 4992 ctiam
1019 4952 1092 5006 meo,

293 5024 368 5099 qnod
383 5023 493 5096 granius
507 5028 567 5089 est,
587 5022 675 5078 victus
692 5020 815 5093 jndicio,
831 5024 877 5097 qui
906 5026 977 5082 inosti
995 5026 1093 5086 ludaeo

291 5117 445 5177 cesserim?
458 5115 523 5189 quid
542 5116 619 5172 nobis
632 5116 679 5172 liet
700 5118 884 5176 condemnato
903 5120 992 5188 duce,
1011 5139 1092 5195 quern

289 5214 367 5271 robis
383 5222 460 5285 pater
473 5222 586 5267 securus
611 5209 780 5267 commiserit
790 5212 802 5267 l
814 5212 867 5269 Sed
889 5206 966 5271 ‘malo
980 5216 1015 5275 de
1036 5220 1094 5276 tir-

290 5317 348 5365 tnte
369 5306 446 5363 ducis
469 5317 537 5369 tos,
561 5316 644 5375 quant
669 5300 703 5357 de
736 5302 844 5375 ignavia
864 5322 961 5366 causas
983 5312 1089 5371 dicere.

288 5399 455 5457 Prornamus
469 5396 552 5469 igitur
564 5394 592 5450 in
606 5392 788 5465 adversarios,
799 5413 992 5474 properemus,
1003 5402 1016 5444 ἅ
1027 5422 1090 5477 pro-

1277 3396 1332 3453 quo
1355 3384 1437 3440 etiarn
1458 3384 1552 3455 plnres
1576 3387 1799 3445 estimabantur.
1822 3386 1926 3456 Traianus

1151 3490 1260 3548 quoqne
1270 3491 1332 3532 oum
1343 3478 1474 3536 trecentis
1483 3480 1621 3551 equitibus
1635 3482 1764 3539 missust
1776 3481 1924 3554 vespasiano.

1149 3566 1206 3639 jam
1231 3568 1427 3640 progrediente
1444 3570 1509 3627 'lito
1522 3574 1694 3643 superuenit.
1718 3573 1778 3634 Nee
1797 3575 1928 3631 dlutiusrc·

768 4001 817 4057 ⁸⁰⁶
831 4001 965 4069 advenm'
977 4016 1029 4059 ¹¹⁰⁸
1043 4017 1098 4059 '¹⁰¹¹
1150 4040 1239 4096 lantes
1253 4040 1397 4098 uniuersos
1410 4057 1552 4114 preverse
1568 4044 1695 4102 itineres
1716 4048 1807 4104 muris
1821 4040 1922 4115 repellit.
1968 4103 1969 4110 ,

1149 4145 1179 4191 et
1192 4133 1291 4191 obrius
1312 4136 1520 4194 recurrentibus
1539 4136 1630 4210 lugam
1652 4138 1823 4197 intercludit.
1845 4138 1923 4194 ltnrsu
1968 4123 1969 4194 J

1150 4234 1242 4284 tanton
1259 4236 1316 4283 tum
1336 4227 1385 4284 alii
1398 4239 1582 4299 sternuntur,
1598 4231 1685 4300 elapsi
1697 4232 1746 4289 alii
1768 4233 1860 4306 quibos
1877 4226 1922 4283 triti

1148 4322 1255 4393 reiugio
1280 4333 1355 4379 erat:
1380 4324 1458 4381 sed⁰
1479 4325 1536 4382 illis
1561 4339 1672 4399 quoque
1693 4328 1787 4386 acrius
1812 4324 1918 4399 prelium.

1148 4416 1216 4473 llam
1229 4418 1277 4491 qui
1290 4418 1325 4476 ds
1348 4420 1415 4477 loeis
1437 4420 1563 4479 dnitimls
1584 4419 1749 4480 aiduxerant
1763 4465 1772 4493 ,
1787 4439 1803 4481 a
1816 4416 1922 4495 principit

1149 4528 1244 4586 pacem
1254 4515 1448 4588 preferebant,
1461 4518 1509 4574 sed
1530 4518 1650 4591 populus
1663 4516 1872 4590 superueniensl
1892 4511 1920 4565 in

1107 4607 1228 4670 Dvictis
1240 4606 1361 4666 bellandi
1376 4610 1466 4667 studia
1488 4619 1653 4668 extorserat.
1669 4611 1737 4670 lude
1759 4612 1828 4671 intra
1847 4607 1919 4664 nrien
1968 4653 1969 4658 η

1146 4697 1283 4757 dissensio
1293 4710 1322 4758 et
1333 4704 1467 4761 tumultus
1480 4706 1590 4777 granis:
1615 4720 1671 4776 quo
1684 4707 1802 4779 strepitu
1817 4702 1916 4763 excitas,
1968 4765 1969 4770 ,

1144 4806 1175 4850 se
1191 4796 1371 4852 convertitad
1387 4800 1489 4857 milites
1500 4800 1595 4860 Titus:
1612 4804 1688 4874 lloo,
1709 4802 1812 4875 inquit,
1825 4805 1917 4855 esttest·
1968 4821 1969 4830 ι

1145 4903 1207 4961 pus,
1227 4892 1396 4950 sanctissimi
1412 4897 1615 4955 commilitones
1630 4896 1723 4970 ,quod
1740 4907 1753 4944 ι
1773 4888 1914 4967 expetebsffl·

1144 4983 1259 5042 loterso
1269 4985 1364 5043 hostes
1375 4988 1444 5044 intra
1457 4989 1553 5047 urbem
1569 4992 1715 5048 tumultum
1739 4998 1830 5049 seruat
1845 5026 1852 5053 ,
1865 4977 1914 5036 loris

1144 5077 1308 5146 cuduntur,
1325 5079 1400 5136 intus
1412 5081 1606 5153 digladiantur.
1633 5084 1806 5143 Feslioemus
1824 5082 1911 5147 mque.

1144 5166 1209 5225 duro
1225 5169 1314 5226 adbuc
1328 5169 1474 5241 dissident,
1489 5190 1525 5232 ne
1539 5176 1611 5234 torte
1628 5178 1744 5249 periculi
1758 5184 1828 5233 metu
1838 5172 1860 5227 iu
1869 5176 1914 5238 st*

1143 5260 1208 5317 tiam
1223 5262 1346 5320 redeant.
1359 5264 1454 5337 ltaque
1467 5269 1592 5325 ascendit
1605 5284 1708 5341 equum
1721 5285 1777 5342 quo
1789 5262 1909 5325 desilisttb

1142 5356 1228 5411 nntris
1239 5358 1399 5426 proximus;
1421 5369 1450 5416 et
1462 5374 1615 5419 coorersus
1628 5362 1662 5419 ad
1678 5362 1767 5419 lacum
1781 5404 1789 5432 ,
1809 5372 1850 5432 pet
1863 5353 1911 5408 θα·

1141 5452 1330 5519 tusaqnsrum
1356 5450 1453 5509 urbem
1474 5454 1604 5524 petebat;
1629 5455 1788 5527 primusque
1803 5442 1908 5509 inuritll

325 5546 338 5575 ¹
358 5532 596 5591 crassantium.
1179 5571 1192 5601 ι
1206 5562 1331 5622 1115qu

322 5606 337 5647 b
360 5606 413 5662 l'ro
426 5606 509 5661 notis.
525 5605 564 5662 ln.
1180 5632 1190 5672 ¹
1202 5634 1360 5708 Legendum
1371 5638 1478 5698 ridetur
1491 5643 1592 5702 insitis.
1601 5643 1743 5705 Gutum.

320 5690 336 5788 ἑ
350 5675 634 5817 &megaram
1176 5714 1190 5755 ⁸
1204 5704 1403 5782 Exspectatur.
1416 5712 1504 5773 Bana.
