4075 6359
102 358 206 423 2065
565 361 700 421 tltstott.
721 362 767 421 bb
786 360 927 421 btctoto
947 362 1082 423 titanos.
1103 365 1207 425 bitots
1225 366 1290 425 tto.
1312 368 1346 425 il.
1714 373 1788 431 ibid

103 478 166 535 uel
201 479 264 537 tiolo
274 480 331 553 jam
347 480 449 537 dudum
466 492 696 553 procuraverant,
712 489 741 537 ut
755 496 770 537 a
782 483 932 555 gentilibus
945 486 972 547 Α
985 484 1043 540 tani
1061 485 1196 545 incolatus
1225 488 1372 545 militiam:
1388 489 1438 547 sed
1466 506 1521 547 nou
1545 488 1647 548 diutius
1669 501 1788 563 cognato

100 572 250 629 coetibtts
265 584 484 645 segregarentur,
505 588 541 631 ne
561 574 627 645 quid
647 589 696 647 per
717 582 827 631 noctem
844 590 928 631 noua·
981 576 1073 634 debita
1087 580 1214 651 sanguini
1229 580 1316 637 deluit
1339 580 1471 639 vindicta.
1499 582 1681 656 Namqoeubi
1702 584 1786 653 iracta

101 674 209 729 rent,
223 666 267 720 rel
281 674 309 720 ut
322 664 419 721 exsilio
432 664 483 721 soii
499 675 633 737 paterent.
649 666 763 723 Summo
776 680 842 725 sane
857 682 931 741 mps-
982 670 1061 740 lldes,
1074 684 1101 728 et
1112 672 1309 747 Scythopolitm
1319 674 1512 746 circumventi,
1525 678 1571 749 qui
1583 694 1617 735 et
1631 678 1786 750 composito

101 758 201 814 torio
216 758 335 824 silentii,
352 766 381 813 ut
395 774 429 815 ne
440 758 473 814 ad
496 774 594 815 uxores
607 758 717 832 quidem
739 772 802 815 suas
816 769 930 815 conatus
980 762 1051 819 iead
1066 780 1161 822 nemus
1171 766 1355 836 contulerant,
1366 768 1471 829 instare
1481 771 1554 827 bello
1568 772 1786 843 atqueingraero

100 848 284 908 istiusmodi
296 859 398 909 tractus
416 862 529 910 mearet.
543 852 675 923 Quoniam
687 852 753 923 ipsae
767 868 876 925 qrroque
896 870 929 913 ex
981 866 1136 928 caeperunt.
1158 859 1248 916 Etiam
1269 860 1340 917 sriios
1354 876 1387 919 ae
1401 876 1530 934 parentes
1553 864 1674 922 Simonis
1696 866 1785 923 deleta

99 950 207 1014 parte
221 944 341 1003 maxima
352 944 506 1003 iudaeorum
520 945 637 1004 cultibus
647 945 877 1002 admiscebantur.
980 950 1157 1009 multitudine
1176 963 1350 1023 ceterorum,
1374 956 1483 1014 eminus
1498 957 1564 1015 lieet
1578 958 1729 1014 missilibus
1754 974 1787 1014 ae

416 1038 533 1097 catut
552 1038 636 1097 xib.
982 1041 1043 1097 telis
1058 1042 1196 1115 petebant.
1213 1045 1315 1102 Videas
1334 1046 1431 1104 Simon
1447 1050 1678 1107 innumerabilem
1693 1050 1786 1108 multi-

148 1130 287 1205 Angusto
302 1133 395 1205 itaque
410 1133 437 1189 in
454 1133 624 1191 locoomnes
635 1132 737 1201 adorsi,
754 1141 930 1203 peremerunt
982 1135 1103 1191 tudinem
1129 1135 1202 1193 incili
1217 1139 1327 1209 negotio
1340 1142 1524 1212 superiorem,
1546 1151 1575 1199 ut
1596 1143 1701 1200 diutius
1717 1144 1786 1200 tole·

100 1224 284 1283 ludaeorum
305 1227 400 1283 decem
426 1225 522 1283 millia.
539 1226 617 1296 Quod
634 1225 713 1283 iacile
730 1225 793 1293 luit,
810 1232 839 1281 ut
859 1240 930 1297 prae·
979 1228 1035 1283 rari
1058 1230 1199 1301 nequiret,
1224 1229 1346 1301 gladium
1371 1236 1503 1304 extraxit,
1519 1242 1602 1309 atque
1625 1237 1652 1292 in
1673 1236 1783 1294 bostem

100 1318 198 1374 renti
217 1318 251 1376 ab
265 1319 380 1377 armatis
394 1318 515 1377 inermes
528 1319 667 1393 perirent.
684 1318 718 1373 Et
745 1317 854 1391 quidem
869 1317 929 1389 ejus
980 1334 1131 1377 conversos
1152 1321 1292 1380 clamabat
1319 1324 1415 1382 dicens
1440 1344 1447 1381 :
1474 1327 1561 1398 Digna
1586 1328 1786 1403 scythopolitae

101 1412 305 1471 immanitatis
321 1413 478 1485 exemplum
493 1428 602 1484 reeens,
627 1410 787 1486 Scythopoii
805 1411 888 1469 etiam
901 1412 927 1469 in
980 1413 1060 1469 iactis
1095 1414 1200 1486 recipio
1232 1416 1313 1484 meis,
1342 1418 1387 1487 qui
1415 1429 1596 1489 cognatorum
1624 1416 1639 1457 ¹¹
1664 1436 1781 1488 necem,

99 1508 216 1579 rnajus
230 1519 416 1581 processerat,
435 1524 490 1581 quo
504 1509 632 1567 incitatos
645 1507 830 1565 Damascenos
853 1523 926 1565 reor.
979 1520 1062 1579 quam
1090 1507 1169 1564 tobis
1191 1507 1380 1580 impenderem
1410 1512 1601 1569 benevolentia
1618 1513 1783 1571 testificatus

98 1599 188 1657 Nam
212 1616 276 1658 rum
290 1599 378 1658 iudaei
393 1600 512 1658 ilnitima
527 1616 644 1674 quaeque
657 1600 865 1674 popularentur,
882 1616 928 1659 te·
980 1614 1052 1669 sum,
1066 1609 1093 1657 et
1106 1600 1221 1659 iratrum
1232 1604 1394 1677 sanguinem
1406 1604 1484 1661 tobis
1496 1604 1620 1663 obsidem
1634 1608 1697 1664 dedi
1721 1624 1785 1681 gra-

101 1704 227 1751 nerunt
242 1693 442 1769 Soptbopoiim,
456 1705 538 1767 atque
549 1694 606 1751 illic
617 1692 802 1751 inhabitantes
818 1692 928 1751 iudaeos
982 1692 1037 1762 tiae,
1060 1694 1160 1765 quibus
1172 1694 1275 1767 justius
1286 1696 1402 1768 pertidia
1426 1698 1604 1756 tribueretur.
1628 1700 1705 1757 Nune
1719 1701 1784 1757 dum

100 1800 231 1847 tentare
251 1790 353 1857 adorsi,
380 1788 553 1847 aduersarios
573 1788 680 1861 experti
695 1797 770 1855 sunt,
792 1801 862 1860 paros
876 1787 928 1845 sibi
981 1787 1142 1858 alienigenis
1158 1788 1240 1845 iidem
1252 1790 1360 1859 deiero,
1379 1793 1407 1848 in
1422 1792 1591 1849 domesticos
1602 1794 1682 1849 amisi
1699 1812 1706 1851 :
1723 1809 1787 1865 pro·

103 1885 192 1943 lidos
211 1885 429 1953 arbitrabantur,
445 1884 572 1958 quoniam
589 1899 666 1941 more
681 1882 783 1956 ingenii
799 1884 923 1952 lrumani,
940 1884 964 1948 B
977 1880 1033 1939 didi
1047 1882 1130 1939 etiam
1146 1882 1261 1953 liberos,
1276 1892 1471 1955 parentesque,
1488 1899 1559 1957 puna
1573 1900 1589 1941 a
1602 1886 1680 1942 robis
1692 1895 1783 1943 tamen

105 1990 121 2019 ¹⁸
147 1981 387 2055 praepondoratur
407 1978 478 2052 apud
492 1995 540 2037 eos
560 1978 657 2036 salutis
672 1994 749 2049 eura,
771 1981 924 2037 necessitu·
978 1984 990 2013 0
1017 1977 1110 2033 necari
1126 1977 1281 2048 oportebat,
1307 1978 1329 2034 si
1350 1978 1507 2035 mercedem
1527 1979 1641 2038 sceleris
1663 1981 1785 2037 estima-

105 2073 175 2131 dini
201 2094 210 2132 ε
231 2074 357 2133 secundis
383 2074 465 2146 igitur
493 2073 692 2130 constituentes
716 2072 817 2131 tribule
837 2074 923 2131 eolle-
975 2070 1052 2125 retis.
1068 2070 1275 2144 lloriarigitur,
1291 2072 1314 2129 ri
1328 2072 1416 2129 iratus
1431 2074 1571 2142 omnibus,
1583 2074 1652 2130 nulli
1665 2075 1786 2141 amicus,

104 2171 206 2241 glum,
221 2166 587 2244 praeieruntinbabitantium
598 2167 924 2236 societatem,tribalibus
974 2167 1020 2239 qui
1035 2166 1263 2225 circumvenerint
1281 2184 1358 2225 meos
1374 2178 1401 2227 et
1413 2170 1534 2244 propriis
1548 2170 1676 2227 manibus
1699 2170 1785 2227 ultio·

103 2264 227 2320 cladem
243 2265 392 2320 minantur.
408 2261 487 2331 Quod
510 2271 667 2335 suspectum
679 2262 836 2335 gentilibus,
858 2262 923 2334 quia
973 2274 1036 2316 nem
1051 2260 1086 2317 de
1098 2276 1143 2317 me
1155 2261 1230 2332 prius
1244 2272 1394 2335 expetam:
1424 2263 1531 2337 peremi
1552 2264 1644 2321 socios
1670 2262 1782 2335 religio·

101 2355 440 2429 promptioribusstudiis
450 2356 610 2415 odiorumin
624 2370 689 2413 suos
698 2357 839 2415 exsecutio
851 2371 921 2429 prae-
974 2352 1028 2419 nis,
1056 2363 1085 2409 et
1109 2353 1173 2411 idei
1190 2365 1362 2413 consortes:
1389 2371 1560 2427 recognosco
1583 2356 1698 2414 sceleris
1727 2358 1783 2413 mei

101 2448 752 2522 tendebatur:assimulationisspeciodolus
772 2449 922 2507 adornare·
972 2448 1074 2505 debita.
1099 2446 1209 2507 Solram
1244 2460 1319 2507 tartto
1352 2451 1464 2522 dignum
1489 2451 1635 2524 sacrilegio
1659 2450 1779 2523 parrici-

102 2554 166 2613 tur,
183 2553 274 2616 atque
288 2544 383 2602 urbem
403 2543 601 2601 incautioribus
616 2542 718 2599 accolis
734 2552 815 2599 noctu
831 2542 923 2599 adori-
972 2542 1061 2611 dium,
1077 2552 1107 2601 ut
1120 2559 1153 2602 ea
1167 2545 1204 2600 sit
1225 2552 1254 2601 et
1267 2560 1317 2617 pro
1330 2544 1436 2617 iiagitio
1448 2560 1542 2617 pruna,
1557 2556 1586 2603 ct
1599 2545 1633 2602 ad
1648 2547 1779 2603 virtutem

101 2647 225 2707 rentur,
240 2640 443 2711 prostratisque
451 2638 721 2709 omnibusgentibus,
729 2636 802 2709 apud
812 2635 923 2694 iudaeos
971 2637 1080 2710 gloria:
1096 2640 1204 2711 nequis
1215 2654 1245 2695 se
1256 2638 1343 2711 jactet
1356 2640 1427 2696 alius
1442 2636 1452 2677 t
1466 2654 1528 2696 meo
1541 2637 1667 2707 vulnere,
1683 2640 1711 2695 in
1736 2654 1781 2696 me

100 2732 158 2789 sibi
186 2732 312 2805 gratiam
336 2732 548 2789 reconciliarent
564 2749 571 2787 ε
585 2745 618 2787 ae
641 2746 688 2804 per
701 2730 754 2789 boo
776 2730 798 2787 si
819 2730 923 2788 retient
972 2734 1062 2805 ipsum
1078 2746 1171 2807 postea
1193 2744 1373 2793 convertetur
1397 2737 1496 2795 dextra
1509 2752 1591 2794 mea:
1608 2749 1638 2793 ut
1651 2736 1779 2795 rideatur

100 2828 192 2885 iidem
208 2841 293 2885 stram
308 2826 392 2885 etiam
404 2827 476 2884 eirea
494 2827 613 2900 gentiles
627 2824 754 2897 probare,
771 2825 920 2882 cumomni
971 2824 1075 2884 iuroris
1100 2843 1162 2885 osse
1186 2828 1260 2901 quod
1286 2830 1399 2897 morior,
1424 2844 1479 2886 non
1505 2829 1705 2888 imbecillitatis
1722 2845 1778 2888 :ne

99 2924 297 2997 generatione
317 2938 366 2979 sua
386 2922 454 2979 urbo
466 2922 644 2987 excederent,
659 2921 834 2993 ticinumque
845 2934 921 2993 pete-
971 2920 1035 2992 rpuis
1057 2921 1173 2977 insultet
1194 2921 1348 2991 caderrti,t
1372 2922 1409 2979 sit
1430 2922 1532 2981 titides
1558 2922 1697 2994 parricidii
1723 2924 1780 2980 oie·

100 3027 170 3076 rent
202 3032 319 3075 nemus.
348 3015 408 3085 Quo
432 3015 522 3083 iacto,
546 3030 596 3087 per
620 3014 733 3071 biduum
758 3015 921 3085 quieverunt
972 3015 1088 3083 mentia,
1106 3014 1284 3085 parricidium
1296 3015 1444 3087 sacrilegii.
1457 3014 1522 3072 liae
1532 3017 1651 3083 locutus,
1663 3031 1781 3073 conter-

97 3110 325 3185 scythopolim,
340 3118 370 3168 ut
384 3110 475 3182 portio
494 3109 650 3168 induerunt
665 3111 849 3182 suspicionem
872 3111 920 3169 de·
971 3106 1003 3161 tit
1018 3104 1144 3162 obtutum
1160 3107 1186 3162 in
1202 3107 1305 3164 liberos
1315 3116 1518 3181 parentesque3
1532 3116 1561 3165 et
1571 3108 1779 3182 indignantibus

100 3217 241 3281 poneret,
273 3206 400 3263 indueret
423 3206 612 3263 securitatem.
636 3205 728 3262 Tertia
754 3213 835 3261 nocte
857 3221 917 3263 cum
971 3201 1069 3265 oculis,
1084 3199 1213 3272 cumjam
1229 3202 1419 3259 misericordia
1434 3203 1520 3259 mixta
1534 3204 1584 3260 irae
1597 3205 1777 3273 succederet,

95 3302 156 3373 jam
174 3297 381 3375 praesumptai
403 3298 472 3357 ides
491 3298 640 3373 gentilibus
654 3299 820 3357 removisset
840 3300 918 3357 solli·
932 3276 955 3341 C
971 3292 1115 3365 abreptum
1141 3308 1157 3349 e
1181 3293 1272 3350 medio
1296 3302 1402 3366 patrem
1426 3295 1520 3367 gladio
1542 3298 1776 3355 transverberat:

98 3395 278 3463 citudinem,
300 3393 423 3451 incautis
432 3402 460 3451 et
472 3394 674 3452 dormientibus
696 3396 737 3452 vis
757 3396 848 3465 illata,
870 3395 919 3453 dc-
967 3395 1031 3457 ii⁰Si
1052 3401 1115 3442 0⁰⁰¹
1131 3394 1219 3442 ‘⁰³¹0‘
1230 3387 1388 3456 insidiiis,
1405 3403 1441 3444 ¹¹0
1452 3400 1526 3445 0⁸⁵⁰!
1540 3390 1586 3461 qui
1597 3405 1648 3461 pro
1664 3391 1774 3463 ΠθΡθΙῙ·

97 3506 223 3565 comque
254 3497 283 3547 et
296 3490 382 3547 tribus
402 3490 522 3548 millibus
536 3489 675 3549 hominnm
692 3492 796 3551 precatis
810 3512 818 3551 :
841 3509 918 3567 (ψῃ.
969 3480 1021 3538 bus
1035 3481 1224 3539 interveniret.
1237 3480 1324 3541 Offert
1338 3498 1370 3541 se
1381 3500 1430 3557 per
1441 3484 1568 3543 ordinem
1581 3487 1680 3544 rolens
1694 3502 1772 3557 utor,

100 3603 224 3661 cumque
246 3586 330 3644 etiam
344 3584 509 3657 habuerunt,
523 3585 629 3659 direpta
644 3597 717 3647 sunt.
968 3591 1003 3632 ¹¹0
1029 3575 1228 3647 “¹¹100010012
1250 3578 1369 3649 ⁰⁰¹¹i¹¹il⁶
1392 3579 1592 3649 superviveret.
1617 3579 1775 3637 Occurrunt

401 3677 517 3739 caput
536 3678 632 3739 xviii,
970 3670 1031 3738 lilii,
1047 3686 1082 3727 ne
1095 3672 1246 3743 degeneres
1265 3680 1343 3728 tanto
1356 3683 1433 3745 patre
1447 3672 1474 3729 in
1495 3672 1556 3745 ipsa
1569 3686 1659 3730 morte
1671 3673 1776 3745 iudiea-

143 3774 359 3847 Expnsitionem
374 3773 459 3847 exigit
471 3772 593 3831 simonis
620 3774 720 3831 acerba
736 3776 838 3846 passio,
854 3776 915 3833 pipp
969 3774 1076 3820 rentur.
1090 3762 1249 3821 Festinabat
1260 3766 1320 3837 ipse
1330 3765 1475 3822 ictueeieri
1489 3765 1597 3823 bostem
1609 3768 1772 3839 prevenire.

105 3876 135 3923 et
146 3867 248 3923 auditu
268 3866 437 3935 miseranda,
462 3866 511 3923 sed
527 3867 649 3923 nouitate
664 3868 704 3924 rei
719 3868 915 3925 memorabilis.
969 3853 1050 3911 Omni
1064 3855 1157 3927 ilique
1169 3868 1311 3929 peremisti
1329 3858 1444 3926 filimi,
1457 3858 1536 3914 ὓῑθῑῖῑ
1548 3859 1575 3914 ῑΙΙ
1587 3858 1680 3915 111θᾶῙο
1693 3858 1773 3916 fune·

107 3960 133 4019 la
162 3970 226 4019 erat
252 3962 281 4018 in
307 3962 408 4033 populo
432 3959 603 4030 dudaeorum,
626 3961 710 4019 Saule
719 3960 791 4019 haud
804 3962 918 4034 ignobili
969 3964 1032 4007 ΝΜ
1051 3965 1174 4007 ⁵⁰⁰lilffl·
1200 3950 1236 4007 Εῑ
1251 3959 1380 4023 “illium
1396 3948 1411 3989 ¹'
1427 3950 1774 4023 ¹l5⁰m9¹¹⁸¹¹⁸d⁰ffl²⁸¹3053

106 4056 221 4126 genitur
236 4064 324 4126 patre,
340 4054 425 4110 animi
438 4053 550 4111 audacia
573 4055 721 4127 praeditus,
745 4064 774 4111 et
793 4057 918 4127 eorporis
970 4045 1157 4117 P²S⁸5⁰¹¹ib¹¹³t
1186 4046 1257 4117 i¹¹⁰d
1279 4048 1417 4103 neminem
1441 4046 1662 4103 ⁸1¹0i¹¹m²¹ien⁰
1682 4046 1775 4118 11111110

107 4149 286 4205 tortitudine.
303 4148 424 4217 aaaron
439 4156 584 4219 trinamque
604 4149 630 4205 tn
645 4148 759 4205 erratum
777 4150 916 4207 triburium
970 4140 1038 4197 iton
1053 4141 1156 4214 perire.
1170 4140 1455 4209 elevaritdexteram.
1470 4150 1500 4198 ut
1515 4155 1612 4199 ratres
1627 4141 1774 4210 viderent,

108 4256 225 4299 snorum
249 4240 382 4308 excreuit,
397 4240 444 4313 qui
458 4240 591 4313 plurimos
606 4257 639 4299 er
653 4244 753 4315 populo
768 4242 919 4301 adventitio
970 4251 1003 4292 ³⁰
1012 4234 1212 4293 formidabilem
1223 4236 1332 4294 eunctis
1345 4237 1493 4309 iubliiiessi
1507 4238 1560 4295 ilbi
1571 4245 1774 4307 mortem,pro-

109 4334 271 4390 iudeorum
291 4334 389 4391 erebro
409 4334 519 4389 incursu
536 4336 651 4406 peremit
666 4354 673 4391 ι
688 4350 719 4393 ae
733 4338 754 4392 si
774 4337 842 4395 torre
854 4353 920 4397 eon·
970 4332 1031 4402 prio
1053 4332 1143 4389 vietor
1166 4347 1228 4389 sese
1255 4334 1394 4389 transtris
1418 4347 1562 4389 murrone.
1591 4329 1777 4389 memorabilis

108 4428 208 4501 spirari
223 4427 362 4495 adessent,
380 4428 456 4485 solus
469 4437 638 4486 sustentaret
650 4430 749 4501 aciem,
760 4442 789 4490 et
805 4434 916 4506 conglo·
964 4426 1075 4497 iuuenis
1089 4426 1126 4483 ob
1138 4427 1278 4499 egregiam
1295 4425 1486 4483 fortitudinem
1497 4426 1634 4497 eorporis,
1648 4433 1677 4481 et
1687 4424 1773 4480 animi

109 4523 192 4579 batus
213 4520 312 4579 solitus
337 4530 472 4589 auertere,
495 4520 579 4577 totins
593 4531 654 4578 erat
676 4522 764 4580 nodus
786 4540 819 4582 ae
839 4542 916 4584 mora
970 4519 1187 4592 beatitudinem
1204 4518 1278 4577 1⁸0⁶
1302 4520 1366 4589 buit
1383 4517 1465 4576 fldem
1490 4518 1655 4592 alienigenis
1682 4515 1775 4589 potius

109 4614 175 4672 belli
194 4632 201 4668 :
219 4622 249 4671 et
280 4614 442 4687 plerumque
466 4612 620 4683 desperatis
649 4616 732 4687 rebus
758 4620 914 4678 oottrersio.
969 4627 1051 4683 11111111
1065 4615 1122 4669 suis
1134 4612 1244 4681 detulit,
1258 4610 1305 4668 tali
1319 4610 1508 4683 dignusetitu
1522 4610 1583 4668 luit.

113 4722 123 4745 ¹·
132 4707 388 4781 Exhibuerantjam
397 4708 503 4767 civibus
513 4707 658 4767 adversum
669 4726 736 4769 suos
746 4712 919 4786 Scythopoli—
931 4708 958 4771 b

145 4816 523 4925 ι’)Ρνιεροιιιίιιιη..ΒιιιιΙ
686 4898 692 4911 1
785 4898 790 4911 Ι
1007 4834 1203 4891 ‘Necorinoa
1218 4833 1362 4907 oportebat.
1377 4831 1415 4889 io.

180 4887 226 4941 Μ·
240 4890 311 4956 fidet
326 4904 574 4963 praetermitteret
589 4897 717 4955 custodat
729 4898 815 4956 tollar.
831 4900 870 4955 lo.
1008 4902 1018 4943 t
1039 4906 1241 4962 “mmmm
1259 4906 1298 4963 p„-

149 4970 160 4998 e
181 4956 339 5015 Ealribebrt.
357 4962 394 5021 io.
1006 4985 1020 5023 ⁸
1040 4980 1083 5037 Al,
1100 4979 1133 5034 rit
1148 4978 1228 5034 indes
1242 4976 1529 5049 parricidiitieateatia.
1541 4976 1579 5033 lu.

116 5028 260 5176 ,aqullssce
276 5070 371 5089 .....
399 5034 608 5094 beneuolentiont.
629 5040 663 5097 Et
685 5056 750 5101 mox
771 5047 917 5117 fraternam
1005 5044 1227 5123 hTrirtmplrotir.
1243 5050 1282 5109 b.

702 5342 875 5430 LIBER
912 5344 1186 5433 TERTIUS.

436 5593 552 5652 catur
569 5594 592 5651 l.
971 5603 1058 5663 ierret
1072 5622 1080 5661 ι
1092 5607 1214 5675 nescias,
1229 5618 1285 5677 quo
1306 5606 1505 5679 magiamrpis,
1525 5614 1619 5663 utrum
1647 5604 1721 5676 quod
1746 5610 1775 5667 in

155 5688 194 5743 lla
213 5696 355 5761 postquam
367 5689 468 5747 Neroni
484 5690 607 5747 nuntiata
619 5696 919 5771 surtttntettataepar·
969 5712 1082 5758 scenam
1107 5702 1258 5774 imperator
1281 5699 1416 5773 prodiret,
1435 5713 1471 5755 an
1493 5700 1567 5771 quod
1589 5712 1701 5756 scenam
1716 5703 1776 5761 suia

120 5780 191 5837 tibus
216 5782 279 5850 sito,
303 5784 348 5856 qui
367 5784 530 5857 tragicorum
554 5784 710 5846 carminum
741 5791 918 5850 meditatione
969 5792 1080 5867 flagitiis
1093 5796 1230 5869 impleret,
1246 5794 1294 5866 qui
1307 5800 1431 5866 turparet
1441 5792 1567 5852 Orestem
1588 5789 1726 5861 canendo,
1745 5808 1775 5855 et

123 5874 306 5945 contenderat,
322 5885 350 5935 ut
361 5877 395 5937 de
409 5875 530 5951 pluribus
554 5876 694 5937 scenicam
720 5897 849 5941 eoronam
874 5899 918 5942 re·
970 5890 1119 5963 parricidio
1133 5894 1356 5962 representaret,
1372 5886 1464 5958 gratis
1475 5902 1538 5943 cum
1556 5880 1773 5948 invasitmetus.
