4075 6359
94 322 180 379 2105
545 304 681 367 avaron.
703 304 749 363 ne
768 300 907 361 exorato
927 298 1063 359 aranos.
1085 295 1188 356 onnts
1202 295 1268 353 are.
1285 294 1330 354 vv.
1688 293 1760 353 nor

97 435 151 495 ubi
166 436 281 493 satietas
292 428 405 489 necandi
422 421 665 496 iacta,eaptiritati
675 418 821 493 adjudicati
831 426 905 477 sunt.
920 414 1130 483 Asacnrdotia,
1155 411 1191 471 ad
1212 425 1293 470 omne
1320 410 1396 469 neiat
1421 408 1621 469 conterendum
1645 408 1761 469 arbitrio

97 529 266 587 Custodiam
282 524 426 583 militarem
436 518 540 578 civitati
554 514 714 589 impertivit.
729 513 822 585 lmqoe
835 512 908 571 Gali·
959 508 1181 581 subjicerentur:
1196 505 1321 563 sedeam
1337 504 1481 563 obviarent
1492 503 1678 563 sacerdotales
1692 504 1760 575 viri,

97 625 156 681 loea
174 623 264 679 omnis
274 619 301 676 in
313 623 474 691 potestatem
493 612 642 669 Romanam
660 606 787 665 deducta.
801 604 868 663 llam
881 613 910 660 ct
959 611 988 661 et
1001 602 1119 659 maxime
1133 599 1246 657 Annuus
1258 602 1367 658 ceteris
1380 601 1489 671 senior,
1512 615 1548 657 ne
1571 614 1623 673 per
1643 600 1760 674 gratiam

98 703 910 784 Tltabiriusmons,cujusaltitudotrigintastadiorum,ror·
959 694 1110 752 donaretur
1152 694 1252 751 sommi
1279 693 1400 752 nominis
1436 694 1636 767 prerogativa,
1663 694 1763 751 sortito

102 822 152 867 tex
161 820 254 867 aorem
263 792 906 879 ipsecnmpestrisvigintiettribusstadiisjacet‚
959 788 1048 844 creari
1061 786 1214 859 principem
1234 787 1406 844 sacerdotem
1421 794 1573 860 expetunt,
1585 788 1612 843 in
1625 802 1680 859 quo
1693 785 1762 845 nibil

101 886 908 979 penuriaaqureabaliisdesertus,abaliisoratavenialio·
960 882 1071 955 gratiae,
1090 879 1139 937 sed
1164 878 1257 937 divino
1276 879 1381 952 judicio
1404 882 1537 937 committi
1551 880 1762 938 sortirerentus

102 995 323 1054 manistraditus
338 1013 344 1051 :
358 991 423 1051 licet
436 992 652 1061 virtuteqnoque
666 981 835 1043 etindostrin
845 981 908 1037 Pla·
960 976 1154 1033 estimaretur.
1170 975 1204 1031 Et
1221 990 1319 1032 revera
1332 975 1542 1046 praetendebant
1554 983 1676 1031 veterem
1695 989 1763 1031 con-

101 1090 162 1149 cidi
177 1088 222 1147 cni
236 1088 265 1146 id
278 1086 380 1161 negotii
392 1101 406 1141 a
424 1083 594 1157 Vespasiano
613 1078 789 1137 commissum
808 1075 908 1142 luerat,
961 1070 1153 1138 suetudinem,
1167 1085 1221 1143 qua
1235 1069 1441 1127 substituendos
1456 1070 1483 1125 in
1498 1068 1643 1127 sacerdotii
1656 1068 1762 1141 princi·

102 1185 199 1244 omnis
215 1197 399 1241 convenarum
423 1179 510 1246 turba,
535 1175 754 1235 concedentem
766 1170 903 1244 seqnitur,
959 1175 1053 1238 patum
1067 1178 1128 1221 mos
1141 1173 1202 1222 erat
1216 1165 1250 1221 ad
1260 1171 1365 1223 sortem
1380 1164 1492 1221 vocari:
1508 1162 1651 1220 evidenter
1669 1172 1761 1220 autern

104 1288 136 1337 et
151 1288 213 1337 arte
225 1284 400 1337 revocantem
411 1274 708 1347 gradum'perorgeret,
718 1266 807 1337 campi
820 1262 909 1321 medio
960 1259 1130 1317 solutionem
1144 1258 1214 1331 legis
1228 1259 1425 1331 operabantur.
1439 1257 1507 1315 Cum
1523 1258 1596 1315 enim
1610 1257 1656 1315 lex
1670 1271 1763 1314 sacer·

103 1373 290 1441 circumfusa,
320 1370 454 1444 reingium
473 1367 610 1433 amiserit,
638 1372 743 1436 pestem
762 1358 908 1417 invenerit.
960 1352 1061 1411 dotalis
1074 1353 1257 1411 successionis
1268 1352 1343 1409 viros
1357 1353 1392 1409 ad
1405 1364 1510 1409 sortem
1525 1351 1647 1423 legeret,
1662 1351 1703 1408 illi
1727 1349 1763 1407 acl

426 1460 542 1519 CAPUT
562 1459 595 1516 V.
960 1448 1083 1521 speciem
1098 1448 1132 1506 de
1152 1446 1369 1505 sacerdotalibus
1383 1446 1507 1505 tribubus
1528 1461 1632 1515 unum,
1657 1453 1672 1484 ι
1690 1444 1764 1501 Ena-

143 1564 285 1622 llactenus
324 1555 525 1629 circumvagari
563 1551 691 1616 licuerit,
707 1549 772 1607 dum
812 1546 909 1619 templi
960 1542 1042 1599 cirum
1066 1542 1195 1611 nomine,
1210 1550 1376 1613 presentem
1397 1549 1537 1609 statuunt,
1559 1538 1635 1597 etad
1658 1547 1763 1597 sortem

104 1660 197 1719 saneti
213 1674 228 1716 a
242 1651 523 1730 majoribusoonditi,
540 1660 567 1705 et
591 1660 676 1704 sacrae
699 1642 769 1715 legis
783 1639 909 1711 contagia
960 1640 1005 1710 agi
1025 1636 1198 1709 precipiunt.
1222 1636 1299 1694 'lvrnc
1312 1634 1415 1693 Phanis
1440 1634 1550 1707 quidam
1576 1644 1652 1691 sorte
1676 1632 1764 1701 exiit,

104 1758 294 1830 reiogientes,
310 1750 384 1811 eirca
395 1749 464 1805 alias
488 1746 571 1803 urbes
595 1742 697 1815 stylum
720 1749 908 1808 occupamus:
961 1730 1034 1787 ivlius
1048 1730 1197 1799 Samuelis,
1212 1732 1326 1787 incanus
1339 1729 1445 1799 vir,oui
1467 1742 1522 1785 aton
1533 1726 1616 1785 modo
1628 1742 1678 1799 per
1688 1726 1766 1797 prin·

105 1851 157 1909 sed
184 1858 292 1921 tempus
319 1844 445 1917 entiam,
467 1849 498 1899 ιιι
521 1853 582 1912 que
607 1832 807 1905 Hierosolymis
832 1836 909 1901 gesta
923 1831 947 1893 B
961 1826 1221 1898 cipessacerdoturn
1234 1825 1314 1882 ducta
1325 1825 1466 1883 successio
1477 1824 1552 1881 nulla
1563 1822 1763 1895 suppeditaret,

105 1953 191 2010 sunt,
204 1941 376 2006 adoriamur,
392 1954 446 1995 non
462 1935 575 2007 ingenio
590 1928 670 1996 ireti,
692 1924 740 1984 sed
757 1940 792 1980 ne
814 1920 909 1995 patrio
960 1919 1009 1977 sed
1023 1934 1058 1976 ne
1074 1920 1126 1975 ulla
1145 1919 1257 1994 quidem
1284 1920 1401 1977 scientia
1428 1918 1551 1976 muneris
1565 1914 1765 1983 sacerdotalis,

107 2039 164 2111 legi
180 2034 321 2105 veterique
347 2030 447 2099 cultui,
464 2028 551 2085 nostri
575 2022 680 2081 doloris
706 2017 848 2075 videamur
861 2028 910 2071 ne·
960 2030 994 2073 co
1014 2014 1088 2087 qood
1103 2016 1160 2072 rori
1173 2024 1304 2073 vacaret:
1317 2023 1346 2071 et
1360 2014 1444 2083 ideo,
1458 2013 1531 2085 quod
1543 2021 1618 2071 esset
1633 2012 1763 2084 princeps

107 2144 191 2203 gasse
205 2126 388 2184 ministerium
401 2140 408 2179 z
421 2121 505 2178 inerit
525 2120 553 2175 in
568 2117 622 2175 illis
639 2115 703 2171 licet
717 2110 828 2178 umbra,
854 2122 909 2163 non
960 2109 1153 2179 sacerdotum,
1178 2109 1347 2183 incognitum
1361 2108 1491 2165 babebat.
1512 2107 1635 2177 benique
1649 2112 1766 2163 attracto

107 2225 229 2292 veritas,
240 2219 289 2277 sed
301 2214 499 2275 tamenumbra
511 2212 637 2283 designat
649 2204 774 2263 veritatis
786 2198 909 2272 vestigia.
960 2217 994 2259 oa
1017 2203 1109 2274 agris,
1121 2210 1150 2259 et
1171 2202 1320 2261 reluctanti
1342 2202 1421 2276 qnasi
1441 2202 1469 2258 in
1493 2215 1576 2258 scena
1593 2198 1608 2239 i
1623 2198 1678 2256 alia
1702 2214 1768 2271 pcr-

109 2316 297 2375 llabetenim·
310 2313 423 2383 picturae
443 2308 607 2363 lineamenta
632 2299 748 2366 umbra,
775 2295 909 2367 fulgorem
961 2311 1028 2354 sona
1048 2296 1215 2369 imponitur,
1236 2296 1358 2353 induitur
1378 2309 1489 2367 quoque
1511 2308 1653 2350 sacrarum
1676 2292 1766 2349 veteri

109 2426 165 2468 non
194 2408 293 2477 trahet,
320 2420 371 2463 nec
388 2402 421 2457 ad
437 2413 572 2457 sommam
589 2395 708 2468 perlecta
725 2400 768 2447 est
782 2400 909 2453 manum,
962 2408 1040 2449 more
1060 2390 1191 2448 amictum
1205 2392 1333 2447 restium.
1348 2391 1469 2447 bocetor
1489 2389 1516 2444 in
1541 2397 1684 2457 tempore,
1699 2382 1766 2457 quid

109 2508 158 2568 sed
182 2505 329 2579 diligenter
351 2497 523 2557 intuentibus
535 2493 624 2550 lotura
639 2486 787 2559 exprimit:
804 2492 832 2539 et
848 2482 911 2539 ideo
962 2501 1025 2543 ernn
1045 2485 1137 2543 iacere
1155 2494 1304 2559 oporteret.
1319 2484 1358 2541 lta
1371 2482 1456 2541 sortis
1469 2490 1568 2540 eventu
1588 2478 1713 2550 exposita
1723 2486 1767 2533 cst

110 2603 202 2660 minus
217 2599 338 2655 delectat
352 2595 457 2666 fisum»
472 2590 532 2662 plus
546 2584 626 2643 mliii
639 2580 735 2653 iiiiii·
762 2575 842 2633 Unde
854 2574 911 2645 pla·
962 2582 1085 2654 nequitia
1096 2581 1333 2648 seditiosorom‚ut
1342 2579 1377 2636 ad
1385 2577 1542 2650 imperitum
1549 2582 1685 2647 agrestem
1698 2572 1767 2630 tanti

109 2696 168 2755 enit
194 2708 286 2752 rerum
308 2690 411 2749 arbitro
426 2686 535 2743 abolere
559 2688 671 2743 velera.
687 2690 755 2733 nova
771 2671 910 2738 conderet
962 2676 1109 2733 sacerdotii
1122 2676 1228 2733 iunctio
1239 2674 1435 2732 deduceretur.
1446 2670 1566 2731 Sedillis
1575 2668 1697 2728 ludibrio
1706 2676 1769 2725 erat

110 2801 142 2849 ut
153 2790 296 2847 veritatem
318 2790 518 2856 sequerentur,
535 2778 580 2850 qui
597 2789 646 2847 per
659 2769 801 2843 angustias
815 2764 911 2823 inddc-
962 2771 1181 2843 circumscriptio
1206 2771 1310 2828 veteris
1339 2767 1547 2835 solennitatis,
1577 2763 1768 2823 sacerdotibus

112 2882 195 2941 litatis
211 2878 345 2951 imagines
358 2890 411 2932 non
424 2868 620 2946 sequebantur.
964 2863 1070 2921 dolori:
1085 2865 1133 2938 qui
1146 2863 1256 2922 irrideri
1269 2864 1356 2938 legem
1370 2878 1385 2917 a
1399 2860 1514 2934 perditis
1524 2858 1624 2917 lleutes
1637 2858 1768 2931 ingemis-

419 2965 535 3026 carba
555 2962 601 3020 vt.
963 2956 1074 3017 cebant.
1091 2959 1146 3030 lpsi
1157 2968 1250 3017 tamen
1262 2957 1326 3015 lreti
1342 2956 1452 3028 pietatis
1461 2954 1627 3012 auctoritate
1639 2961 1667 3009 et
1681 2952 1770 3009 bono·

149 3076 283 3149 Fugiens,
296 3080 326 3127 ot
339 3082 420 3141 supra
435 3065 577 3127 diximus,
593 3060 629 3115 de
641 3055 762 3113 Galilmae
788 3050 912 3126 partibus
963 3068 1026 3109 rnm
1041 3052 1230 3125 indignatione
1243 3058 1411 3125 congregant
1422 3065 1501 3117 sese,
1515 3057 1545 3105 et
1564 3062 1647 3120 super
1661 3054 1770 3119 pertur-

112 3171 232 3229 lnannes
256 3165 290 3223 ad
315 3158 590 3231 litorosolrmransrn
617 3150 712 3207 orbem
728 3163 758 3204 se
773 3145 909 3211 contulit3
964 3146 1076 3203 batores
1098 3146 1218 3203 irruunt.
1242 3146 1276 3201 At
1298 3144 1339 3200 illi
1355 3158 1419 3200 curn
1442 3151 1470 3199 et
1487 3156 1578 3199 cause
1599 3151 1628 3197 et
1651 3153 1769 3197 numero

114 3280 141 3325 ct
168 3265 245 3340 quasi
274 3258 398 3333 quaedanr
425 3253 510 3327 pestis
535 3248 629 3307 iniecit
649 3247 756 3303 animos
772 3243 911 3315 plurium,
927 3238 950 3303 C
965 3238 1144 3309 dissiderent,
1159 3236 1193 3295 ad
1209 3237 1341 3309 templum
1352 3237 1430 3309 quasi
1455 3236 1482 3292 in
1505 3249 1598 3291 arcem
1611 3232 1770 3305 conlogien·

114 3361 160 3433 qui
182 3374 214 3415 ex
231 3354 347 3412 dirersis
366 3346 526 3423 regionibus
541 3342 679 3416 principes
702 3336 866 3409 flagitiorum
880 3349 915 3391 eo
964 3341 1024 3399 tes,
1039 3334 1115 3391 velut
1133 3341 1256 3390 castrum
1270 3330 1408 3404 quoddam
1424 3329 1478 3388 sibi
1490 3328 1711 3391 constituerunt,
1734 3324 1770 3383 ad

115 3454 191 3528 quasi
208 3452 236 3508 in
252 3448 390 3509 sentinam
404 3442 609 3502 conduxerunt.
624 3436 683 3493 lloe
697 3436 770 3493 enirn
787 3431 828 3488 illi
853 3429 916 3486 urbi
964 3428 1154 3501 repellendam
1170 3428 1303 3485 irruentis
1314 3427 1407 3500 populi
1428 3424 1642 3482 multitudinem.
1659 3422 1699 3479 Ac
1713 3422 1771 3493 pri·

116 3548 229 3621 majoris
241 3558 324 3603 causa
338 3538 436 3599 excidii
451 3538 520 3605 luit,
532 3530 677 3607 quiaquod
691 3526 844 3587 sceleribus
856 3526 915 3583 suis
965 3536 1010 3578 mo
1029 3530 1094 3578 ante
1109 3520 1184 3577 iores
1205 3520 1302 3594 templi
1320 3527 1405 3592 atque
1421 3518 1448 3575 in
1463 3518 1523 3589 ipso
1546 3515 1681 3573 vestibulo
1706 3514 1769 3583 siti,

116 3636 402 3713 delerebantperditi,
418 3642 448 3689 ιιι
461 3646 496 3689 eo
509 3628 693 3687 convenirent
708 3624 853 3697 plerique,
868 3620 915 3677 ubi
965 3618 1111 3675 adversum
1127 3616 1258 3689 populum
1271 3615 1486 3687 preliabantur:
1502 3612 1525 3670 si
1536 3611 1598 3683 quis
1609 3610 1772 3668 ralrreravus

116 3741 159 3799 vel
171 3738 287 3797 tutiores
300 3748 330 3791 se
352 3732 411 3790 iore
435 3730 596 3794 crederent,
613 3728 655 3785 vel
672 3722 868 3782 insolentiores
881 3720 916 3777 ad
966 3711 1071 3780 iuerat,
1092 3710 1225 3767 interiora
1250 3710 1345 3781 templi
1370 3709 1497 3781 petebat,
1523 3708 1578 3764 illic
1608 3704 1770 3777 sanguinem

117 3832 217 3906 1123qu
238 3826 441 3895 coacervanda,
466 3824 530 3880 ndei
559 3821 668 3879 dotem
697 3818 915 3875 merimqhanrur,
966 3819 1046 3861 strom
1067 3802 1187 3860 lundene
1201 3803 1312 3859 interno
1333 3801 1439 3871 limini,
1455 3808 1483 3858 et
1497 3807 1609 3857 cruenta
1629 3798 1769 3870 pavimen·

119 3926 330 3998 llecipiebantnr
344 3922 435 3991 itaque
448 3916 548 3988 passim
560 3956 567 3982 ,
578 3914 655 3986 quasi
671 3913 716 3984 pio
731 3909 824 3980 templi
838 3920 916 3963 amo·
968 3899 1003 3956 tis
1030 3897 1199 3955 sauciosiora
1224 3896 1371 3967 detergens
1389 3894 1482 3951 ulcera
1497 3892 1628 3962 aureque
1653 3892 1773 3960 patentis

118 4038 148 4080 re
161 4020 303 4080 defensum
318 4016 455 4073 venirent.
473 4010 537 4067 llaec
558 4009 648 4081 prima
677 4004 754 4062 labes
768 4003 916 4059 malorum.
968 3991 1106 4059 volneris,
1124 3988 1248 4047 restibus
1261 3989 1319 4057 bis,
1339 4002 1407 4059 quas
1427 4002 1482 4043 non
1506 3986 1604 4042 liceret
1628 3981 1685 4039 iilis
1706 3996 1773 4038 corr·

120 4116 187 4174 llinc
200 4124 333 4185 oppressa
348 4115 390 4166 est
404 4117 553 4178 paucorvrm
570 4096 752 4157 mansuetudo
766 4109 817 4168 pcr
832 4092 918 4167 pluri·
968 4088 1090 4157 tingere,
1103 4082 1275 4140 fovebantur.
1291 4080 1397 4139 Bellum
1420 4088 1481 4135 erat
1501 4078 1572 4134 intra
1588 4075 1700 4141 urbem,
1713 4074 1773 4132 bel-

119 4222 224 4265 morum
247 4202 443 4261 insolentiam:
474 4197 537 4251 irinc
572 4195 640 4251 itura
663 4194 692 4248 in
723 4188 829 4255 cedes,
856 4202 917 4243 conr
970 4176 1331 4244 lunaintercives,bellum
1352 4170 1774 4246 antetemplurnanebocqui·

120 4303 208 4361 minus
223 4307 349 4372 parceret
361 4294 486 4351 alienus:
503 4290 567 4347 bine
588 4286 794 4356 conspiratum,
824 4288 852 4339 ot
878 4280 914 4337 le·
969 4272 1032 4331 dom
1054 4272 1163 4329 reveriti
1175 4272 1297 4327 latrones
1307 4310 1316 4338 ‚
1326 4284 1416 4325 cuma
1432 4266 1535 4339 populo
1549 4265 1696 4323 instantius
1707 4280 1771 4338 per·

120 4398 159 4471 gis
183 4394 317 4452 solemnia
344 4390 564 4462 negligerentur,
581 4379 734 4441 sacerdotia
749 4394 764 4435 a
780 4376 859 4434 bonis
884 4375 918 4431 ad
971 4374 1148 4440 urgerentur,
1175 4364 1246 4421 intra
1264 4365 1352 4433 ipsum
1375 4360 1771 4432 [emplumsfflssreoelemssir

121 4488 258 4560 improbos
272 4483 483 4548 derivarentur,
499 4475 570 4549 qood
590 4472 747 4532 bominibus
759 4485 813 4527 uon
829 4470 919 4527 solum
971 4471 998 4520 et
1013 4463 1138 4519 clausere
1162 4459 1237 4517 illico
1257 4458 1341 4515 iores.
1355 4458 1416 4528 Quo
1438 4456 1548 4528 obiecto
1564 4462 1709 4511 revocatus
1731 4459 1774 4508 est

121 4580 194 4654 apio
206 4579 298 4646 cvrltu,
313 4574 362 4634 sed
376 4572 411 4629 ab
424 4574 483 4645 ipsa
497 4570 565 4643 legis
576 4568 733 4641 cognitione
749 4564 919 4638 peregrinis,
973 4557 1105 4621 donnus;
1130 4569 1165 4609 ne
1192 4551 1334 4609 rideretur
1361 4550 1462 4607 bellurn
1487 4545 1588 4618 templo
1604 4545 1721 4612 inlerre,
1745 4554 1775 4601 et

121 4676 192 4751 qnod
213 4680 335 4731 sanctum
351 4677 440 4734 esset,
452 4664 637 4737 ignorabatur.
653 4660 743 4718 llincti
758 4668 823 4715 sont
836 4658 924 4729 primo
935 4660 963 4723 1)
976 4646 1240 4718 sacratastelissione
1250 4646 1386 4716 maiorum
1397 4656 1575 4717 perrumpere
1586 4640 1661 4697 iores
1669 4639 1775 4712 templi,

123 4770 204 4844 regali
218 4780 320 4841 genere
332 4763 384 4819 viri
407 4760 454 4834 qni
477 4758 658 4821 resistebant,
670 4769 724 4828 quo
736 4753 830 4811 crateri
845 4758 921 4809 metu
975 4745 1085 4805 cederit
1107 4746 1238 4816 impetam
1262 4741 1364 4812 plebis,
1381 4752 1409 4798 et
1427 4755 1476 4797 ser
1501 4738 1586 4794 millia
1610 4736 1732 4793 virorum
1747 4736 1775 4791 in

123 4864 270 4922 cederent:
287 4856 387 4915 deinde
400 4854 508 4921 necati;
524 4859 552 4909 et
566 4861 596 4908 ut
610 4849 742 4921 flagitium
766 4848 919 4914 velaretur,
974 4841 1127 4917 porticibus
1151 4838 1311 4904 constituit,
1333 4836 1379 4908 qui
1395 4834 1493 4892 muniti
1518 4831 1602 4889 armis
1621 4828 1776 4902 pretende·

125 4969 191 5029 qnos
208 4954 267 5011 sine
289 4948 395 5025 judicio
409 4953 598 5019 peremerant,
613 4942 707 4999 missis
725 4943 752 4996 in
780 4952 921 4996 carcerem
974 4946 1053 5004 rent,
1068 4933 1213 4991 sollicitam
1224 4927 1570 4989 adhibentescnstodlam.
1584 4925 1717 4983 Paulatim
1737 4931 1778 4980 ta-

125 5056 244 5121 sicariis,
265 5066 367 5126 eosque
395 5047 488 5107 elicto
511 5043 628 5103 crimine
649 5040 811 5113 proditionis
833 5038 920 5093 inter·
973 5046 1037 5089 men
1067 5027 1184 5085 mollivit
1209 5025 1348 5092 animum,
1373 5031 1403 5079 ot
1425 5022 1486 5093 paci
1508 5018 1713 5084 consuleretur,
1742 5030 1777 5073 eo

127 5162 251 5222 emptos,
281 5144 512 5204 ementiebantur.
528 5136 662 5195 Pertracti
687 5133 779 5205 itaque
802 5130 923 5188 universi
975 5122 1066 5180 studio
1081 5122 1215 5187 maxime,
1230 5134 1266 5175 ne
1279 5116 1410 5189 templum
1431 5114 1543 5187 sanguis
1558 5112 1659 5170 cirium
1680 5120 1777 5167 conta-

129 5254 198 5302 meto
208 5286 215 5311 ,
227 5238 301 5314 quod
315 5234 440 5294 homines
452 5239 578 5304 potentes
588 5237 669 5301 atque
680 5224 784 5283 innoxii
795 5222 922 5293 Antipas,
977 5216 1117 5273 minaret:
1133 5212 1263 5270 suaderet
1281 5225 1389 5284 qnoque
1417 5207 1577 5264 mittendam
1602 5204 1777 5276 legationem,

129 5336 225 5395 lebias
238 5341 266 5392 et
287 5330 392 5387 Pboras
407 5335 462 5383 tam
476 5323 557 5380 iaeile
578 5320 703 5394 oppressi
719 5318 826 5380 larena,
850 5314 924 5386 quod
977 5309 1053 5383 pacis
1067 5315 1254 5379 sequestram,
1275 5303 1416 5361 otbellnm
1438 5300 1601 5357 intestinum
1622 5296 1780 5366 deponere·

130 5446 176 5489 nec
201 5431 256 5501 jam
277 5422 415 5482 audebant
434 5416 576 5474 resistere.
599 5414 668 5469 lline
689 5426 724 5468 eo
746 5421 924 5482 processum,
978 5408 1033 5457 tor.
1057 5399 1227 5457 Adsciscitur
1250 5396 1369 5455 loannes
1383 5394 1417 5452 ad
1438 5390 1642 5464 exsequendam
1666 5386 1782 5457 legatio·

130 5534 158 5581 ιιι
180 5518 317 5594 ignobiles
337 5523 420 5586 atque
434 5510 564 5582 indignos
578 5507 779 5565 substituerent
796 5499 927 5557 sacerdo·
980 5513 1062 5564 nem,
1090 5503 1226 5566 suspectae
1253 5493 1316 5550 ildei
1330 5492 1390 5558 vir,
1417 5498 1445 5547 et
1466 5483 1626 5545 affectanda
1650 5482 1781 5555 potentiae

132 5630 183 5676 ιιιιιι
197 5612 354 5688 principes:
369 5618 399 5665 ut
425 5606 526 5679 quibos
551 5602 624 5659 nulla
648 5596 789 5659 emerendi
811 5594 925 5651 bononis
980 5588 1291 5662 succensuscupiditate
1303 5605 1310 5644 ι
1323 5578 1652 5653 sacramentumpetitur:
1668 5574 1781 5633 nonab-

131 5712 214 5787 gratia
224 5702 435 5776 suffragabatur,
453 5700 472 5757 ii
486 5707 582 5757 contra
594 5696 723 5755 meritum
735 5706 817 5751 suum
834 5688 930 5762 adepti
981 5687 1041 5747 nuit
1054 5701 1089 5744 ne
1100 5683 1230 5743 damnum
1249 5681 1363 5757 periurii
1374 5687 1530 5753 pateretur,
1545 5674 1570 5731 si
1583 5676 1722 5744 negasset.
1734 5667 1783 5727 Si·

166 5850 178 5881 ι
200 5797 460 5904 nannetensem.
1017 5794 1155 5878 salver.
1176 5815 1213 5877 n.
