4075 6359
272 268 341 329 205!
950 264 1075 326 snttcm
1094 266 1255 329 Adsensit
1479 268 1496 282 ’'
1532 262 1539 273 ’
1854 269 1917 328 abst

271 397 363 438 meuvn
378 388 460 455 atque
474 381 503 439 iu
522 380 652 439 interiora
666 380 814 453 penetralia
826 380 997 439 descendant
1008 382 1072 438 iidi-
1084 387 1112 451 A
1122 388 1192 443 saris
1202 396 1280 453 erat,
1294 402 1343 458 per
1354 387 1488 461 Antiphili
1508 389 1651 447 serrulam
1667 388 1783 461 perferri
1794 388 1916 461 iusserat

272 479 342 534 culo
356 480 558 551 quaestionum,
576 477 692 549 protinat
707 476 838 549 sanguis,
860 477 906 549 qui
920 478 992 535 solet
1007 493 1071 550 par·
1123 495 1191 554 quas
1201 482 1490 541 Acmessibircdditas
1503 486 1559 557 regi
1576 486 1780 543 transmitteret
1794 500 1844 542 :ac
1854 502 1919 557 pene

272 576 399 631 ricidium
422 577 550 643 clavnare,
573 572 699 631 terantur
726 574 802 645 ignes
819 573 846 629 in
872 582 947 630 artus
963 576 1071 629 noxios.
1124 576 1151 631 in
1169 576 1292 634 mulieris
1305 577 1455 648 perniciem
1469 577 1545 635 trans
1562 580 1755 647 convaluerat,
1768 578 1798 635 ui
1818 594 1919 651 reperta

272 666 343 737 Quid
358 668 581 739 dubitaspater?
604 668 627 724 si
645 667 744 739 parcis,
759 668 935 725 innocentem
950 683 1073 739 pronun·
1124 679 1200 725 esset
1218 669 1334 741 epistola
1355 669 1456 728 Acmes
1481 670 1516 727 ad
1540 672 1729 745 Antipatrum,
1754 688 1816 743 utre
1832 672 1919 729 dotum

274 766 345 821 tias:
360 766 383 821 si
398 780 413 821 a
429 765 550 821 cruciatu
565 773 712 835 temperas,
727 764 849 821 absolvis
868 764 998 823 crivnioe.
1014 764 1074 821 Non
1125 762 1258 834 prodidit,
1277 763 1379 834 scripta
1398 764 1427 820 in
1451 766 1525 823 boue
1544 766 1655 823 modum
1675 783 1683 822 ε
1703 766 1783 824 Sicut
1804 767 1921 837 soluisti,

274 870 317 918 est
332 860 477 931 parricida,
504 860 550 931 qui
575 858 692 930 simplici
717 870 805 915 morte
829 858 927 931 dignos
952 866 1074 931 putatur.
1124 856 1263 928 patrituo
1283 856 1391 928 scripsi,
1408 866 1437 913 et
1449 857 1582 928 epistolas
1601 858 1664 916 illas
1684 860 1776 917 direxi
1790 877 1798 914 :
1812 875 1864 917 nec
1877 862 1923 916 dn-

272 955 328 1013 Ant
341 956 364 1013 si
379 964 408 1012 ιιι
423 956 479 1011 tilio
493 955 594 1028 parcis,
611 963 683 1013 etex
700 963 726 1011 te
740 954 842 1026 genitis
855 954 988 1012 membris
1000 968 1076 1011 corn·
1126 945 1184 1003 bitu
1198 962 1292 1020 regem
1305 949 1332 1004 io
1348 949 1499 1020 periculum
1521 953 1626 1009 sororis
1644 952 1874 1011 insurrecturum,
1887 954 1924 1011 Tu

273 1048 393 1121 pateris;
410 1062 464 1105 non
481 1057 545 1105 sunt
558 1050 680 1105 membra
700 1057 757 1117 tua,
769 1063 831 1119 quc
845 1054 910 1105 sunt
923 1047 1075 1103 ministeria
1126 1040 1213 1097 vicent
1234 1041 1349 1098 restitue
1368 1049 1463 1113 opleto
1489 1041 1590 1101 cdeetu
1616 1044 1730 1117 potitm
1757 1044 1808 1103 ilis
1830 1045 1925 1105 litteris

274 1142 454 1201 crudelitatis.
473 1142 536 1200 llaec
556 1142 602 1199 ubi
627 1143 736 1201 loeutus
760 1152 814 1210 est,
840 1157 940 1215 magno
963 1141 1030 1199 fletu
1047 1149 1078 1199 et
1125 1134 1315 1204 deprebensis,
1339 1150 1388 1193 rex
1411 1136 1438 1193 in
1462 1138 1648 1209 suspicionem
1671 1139 1828 1209 deductus,
1857 1142 1925 1212 quod

273 1240 376 1312 gemitu
401 1239 568 1295 lamentabili
594 1237 674 1295 duem
692 1236 801 1294 dicendi
816 1237 902 1307 tecit,
916 1238 1077 1309 oltrlatuuue
1125 1228 1208 1284 etiam
1224 1228 1381 1285 Alexander
1394 1231 1454 1302 part
1474 1239 1533 1288 trie
1551 1232 1714 1305 compositis
1727 1249 1744 1289 a
1759 1233 1847 1292 tratre
1858 1249 1927 1293 esset

273 1332 396 1392 maximo
411 1334 513 1390 Varum
524 1342 553 1391 et
567 1348 663 1390 omnes
678 1333 712 1390 ad
726 1332 933 1391 miserationem
948 1330 1074 1389 inflexit:
1127 1322 1264 1394 appetitus
1286 1323 1421 1396 epistulis,
1436 1335 1465 1383 et
1487 1326 1573 1385 nimia
1584 1330 1772 1387 commotione
1786 1346 1928 1403 exaspera-

274 1430 349 1487 solns
363 1428 486 1485 llerudcs
500 1428 584 1486 nullis
600 1428 761 1485 movebatur
772 1428 910 1501 lucrymis,
926 1436 1007 1497 atque
1018 1427 1078 1498 ipse
1127 1424 1182 1481 tos,
1202 1417 1390 1489 detlltdltlem
1405 1434 1515 1492 gravent
1533 1423 1679 1479 0⁰¹¹lt³¹lt
1695 1423 1757 1492 0¹¹⁰
1779 1440 1813 1482 Se
1834 1426 1928 1484 11111111

274 1523 373 1581 atlete
399 1521 562 1595 temperavit
586 1520 767 1577 intractabilis
791 1520 825 1577 ad
851 1521 970 1590 veniam,
987 1534 1077 1592 ques·
1128 1512 1220 1583 bteerl
1238 1512 1382 1584 reflecte,
1402 1516 1530 1587 Antipam
1549 1532 1633 1573 unum
1652 1532 1689 1575 ex
1711 1518 1776 1577 tiliis
1792 1518 1926 1577 heredem

275 1617 342 1675 tiuni
360 1617 517 1686 imminens,
533 1614 682 1672 vindictam
697 1621 841 1687 expetens.
1128 1606 1237 1679 iuvaverit
1253 1607 1268 1646 t
1287 1610 1418 1681 scripsit,
1433 1610 1576 1683 prelatum
1594 1612 1733 1671 Archelao
1753 1624 1783 1673 et
1806 1614 1927 1687 Philipps

566 1708 683 1767 CAPUT
702 1709 783 1766 xtv.
1128 1702 1284 1758 senioribus
1302 1702 1413 1773 liberis,
1426 1707 1555 1777 qnoniam
1574 1707 1650 1779 ipsos
1666 1724 1775 1783 quoqne
1789 1711 1928 1783 Antipater

314 1807 453 1867 Successit
476 1806 592 1863 orationi
617 1804 754 1876 Antipatri
768 1803 895 1863 Mcolaus
909 1806 981 1877 regis
999 1818 1077 1860 tuan·
1092 1799 1117 1861 B
1130 1794 1201 1852 (telis
1222 1805 1306 1869 atque
1319 1795 1435 1855 telleelis
1446 1810 1590 1873 suspectos
1603 1802 1672 1874 patri
1695 1803 1813 1862 iecerat.
1832 1806 1927 1863 Casan

276 1902 352 1969 dato,
363 1900 408 1973 qui
417 1908 506 1957 astute
516 1900 574 1970 ejus
587 1897 768 1970 responderet
781 1897 909 1955 versutiis
920 1906 948 1954 et
961 1895 1078 1953 inflexos
1129 1888 1228 1961 legavit
1242 1888 1317 1947 mllle
1330 1890 1430 1947 telettte
1442 1934 1450 1959 ‚
1461 1892 1541 1951 donis
1553 1896 1768 1968 muneribusque
1778 1896 1891 1955 additis.
1902 1900 1927 1957 ln

278 2014 294 2054 a
314 1996 491 2054 miseratione
512 1994 671 2061 abduceret,
686 1991 831 2049 reterendo
855 1993 881 2049 in
904 1992 1077 2062 Antipatrum
1130 1994 1284 2043 uxoremst
1298 1986 1385 2057 tilios,
1401 1986 1515 2045 libertos
1526 1998 1608 2063 thtte
1620 1992 1723 2049 amicos
1736 1994 1932 2067 quinquaginta

278 2094 406 2151 fraterne
418 2091 546 2149 invidiam
562 2090 650 2156 neeis,
662 2088 808 2161 allegando
820 2087 894 2160 quod
908 2088 1079 2159 siquosmo-
1129 2078 1265 2135 contulit:
1285 2096 1337 2136 nec
1359 2080 1488 2139 salomen
1506 2096 1629 2143 sororem
1652 2100 1801 2144 munerum
1821 2104 1927 2146 snornnr

277 2198 357 2249 reret
381 2185 579 2252 misericordia,
603 2182 713 2239 illorum
739 2181 862 2237 nrisereri
889 2180 1009 2247 deceret,
1031 2176 1079 2250 qni
1130 2184 1270 2245 expertem
1289 2177 1408 2249 reliquit.
1425 2178 1594 2237 Procedebat
1608 2182 1636 2238 in
1656 2184 1780 2243 deterius
1801 2188 1928 2260 aegritudo

277 2285 337 2356 ejus
359 2280 495 2355 perempti
518 2278 670 2345 fraudibus,
688 2276 817 2333 ultionem
844 2272 1028 2346 renavircrent.
1049 2272 1080 2328 st
1130 2275 1213 2338 atque
1229 2283 1342 2327 accessu
1361 2274 1493 2344 temporis
1508 2277 1768 2348 rexasperabator,
1782 2294 1865 2351 quam
1884 2282 1927 2336 ine
1996 2331 1997 2354 ἢ

277 2394 362 2437 unum
376 2377 561 2444 absolverent,
575 2372 664 2429 omnis
678 2371 777 2428 domus
792 2370 865 2441 regia
888 2367 1078 2440 inpericulum
1131 2359 1229 2418 becitla
1256 2374 1384 2423 senectus
1409 2367 1467 2425 suis
1493 2366 1763 2429 incommoditatibus
1788 2374 1928 2430 acerbabat

277 2473 471 2538 deduceretur,
486 2467 629 2541 germani,
646 2465 743 2522 alines
755 2480 762 2532 l
776 2472 915 2535 parentes,
937 2461 996 2532 ipse
1010 2476 1078 2527 rex,
1131 2456 1264 2526 quotidie.
1290 2458 1432 2533 Siquidem
1456 2476 1510 2519 non
1526 2462 1617 2520 minos
1642 2468 1856 2538 septuagenario
1874 2484 1926 2541 gra·

277 2569 355 2639 cuius
377 2566 457 2623 saluti
479 2578 533 2619 non
559 2562 737 2633 pepercisset.
755 2557 850 2629 ltaque
871 2571 1023 2613 conversus
1045 2553 1080 2610 ad
1131 2556 1223 2604 11111111
1237 2552 1316 2609 arnis
1331 2568 1449 2624 cerpus,
1466 2557 1565 2613 crebro
1584 2573 1692 2632 quoque
1714 2575 1836 2619 moerore
1852 2564 1928 2619 animi

278 2671 421 2719 oratorum
437 2656 581 2725 versutias,
593 2651 873 2727 volutslnarratione
884 2646 1081 2721 miserationis)
1131 2640 1264 2703 addietum
1286 2647 1419 2718 gerebat,
1442 2660 1482 2706 tot
1501 2652 1683 2722 parricidiisl
1703 2657 1927 2728 convulneratus,

279 2756 388 2827 epilego
408 2752 527 2825 quodam
548 2748 686 2806 excitabat
705 2748 739 2803 ab
763 2742 859 2802 interis
873 2750 1080 2817 perempturum
1132 2753 1194 2809 guae
1217 2750 1265 2795 aut
1285 2742 1500 2810 deprehendisse
1523 2748 1552 2804 in
1576 2746 1641 2803 taliis
1664 2758 1798 2807 extremae
1820 2754 1928 2809 nubens

279 2852 396 2915 arrianas,
413 2848 459 2921 qui
476 2843 627 2902 miserabili
655 2849 756 2914 questu
777 2841 916 2911 replerent
941 2836 1081 2904 subsellia,
1133 2842 1193 2888 crat
1206 2876 1213 2901 ,
1228 2844 1276 2890 ant
1289 2836 1423 2896 intulisse.
1440 2839 1650 2900 immedicabilis
1663 2852 1757 2903 tamen
1768 2848 1928 2919 egritudinis

279 2945 404 3001 insontes
416 2956 447 2999 se
460 2938 611 3012 oppetisse,
625 2936 781 2994 subornatis
791 2933 942 3007 lgravibus
954 2932 1081 2999 testibus,
1134 2925 1239 2996 terror,
1254 2929 1327 3000 ‹puod
1342 2942 1484 3003 superstes
1500 2936 1645 3007 Antipater
1662 2939 1846 2997 metuebatur.
1862 2939 1927 2997 crr-

279 3034 440 3109 cumpusitis
462 3032 598 3107 epistolis,
622 3029 804 3088 iraudulentis
829 3028 1005 3085 sermonibus
1028 3027 1084 3081 cir·
1134 3027 1254 3091 templus
1265 3038 1376 3096 quonue
1389 3026 1416 3081 iu
1429 3026 1489 3083 dies
1500 3027 1597 3097 vilior,
1619 3030 1693 3100 quod
1720 3033 1855 3106 imagines
1877 3034 1927 3091 eu

281 3136 454 3187 cumrentum
476 3133 592 3198 patrem,
613 3122 766 3181 credidisse
781 3122 945 3192 thimonem
960 3134 1015 3176 non
1031 3134 1083 3190 pn·
1134 3113 1205 3169 saris
1230 3126 1312 3187 atque
1336 3119 1494 3176 animalium
1520 3123 1715 3183 similitudines
1727 3136 1826 3183 contra
1849 3130 1927 3203 legen

282 3233 354 3282 taret
364 3224 399 3279 de
412 3221 541 3278 iratribus
553 3232 635 3291 posse
650 3219 772 3275 mentiri.
789 3228 801 3257 ⁶
817 3216 903 3273 Ottort
918 3231 992 3273 nunc
1015 3210 1120 3287 sup-C
1136 3209 1239 3279 tempto
1250 3213 1382 3281 ²itll⁰tll²e
1394 3213 1620 3287 detrahebantur,
1644 3220 1804 3278 ‘tectoribus
1818 3224 1927 3279 1111111111

284 3318 365 3391 plicia
379 3331 427 3374 sua
441 3316 488 3387 qui
510 3314 627 3372 teatrum
652 3312 799 3369 tormentis
823 3326 877 3367 non
901 3310 1083 3375 credidisset,
1135 3297 1204 3357 tuda
1216 3312 1299 3375 argue
1316 3305 1427 3365 Aiatthia
1438 3308 1590 3381 luvesslttllt
1603 3312 1762 3371 d⁰⁰l⁰tllltl⁸
1774 3357 1783 3383 ι
1797 3316 1871 3389 quis
1886 3332 1927 3373 ⁰⁰·

283 3429 353 3487 quos
373 3422 487 3467 onustos
508 3409 626 3465 uinculis
640 3407 816 3479 obligaverit,
833 3420 868 3463 ne
880 3405 1029 3477 cognitioni
1042 3404 1086 3460 in·
1135 3398 1220 3469 gultis
1231 3410 1258 3455 et
1272 3403 1497 3474 conspirantibus
1511 3407 1563 3463 sibi
1580 3408 1691 3466 venisse
1703 3411 1926 3483 tempusaiebant,

286 3514 433 3571 teressent,
452 3504 479 3560 in
494 3502 623 3559 absentes
636 3501 719 3556 latam
738 3498 913 3566 sententiam,
927 3512 987 3554 cum
1004 3497 1085 3569 longe
1136 3508 1191 3567 quo
1204 3498 1313 3554 violatae
1328 3498 1396 3571 legis
1411 3500 1510 3573 injuria
1528 3503 1737 3563 vindicaretur:
1758 3506 1830 3564 bare
1844 3520 1926 3578 pervias

284 3602 370 3674 positi
383 3607 475 3658 essent
488 3606 612 3665 necatos,
629 3612 664 3653 ne
687 3612 782 3653 eornm
805 3604 882 3668 pater
895 3594 1082 3652 misereretur.
1137 3591 1300 3665 sacrilegum
1313 3635 1321 3663 ,
1336 3596 1382 3667 qni
1397 3602 1507 3667 putaret
1523 3596 1564 3654 tas
1579 3613 1643 3656 esse
1660 3599 1794 3672 grtidguid
1810 3597 1925 3675 potestati

285 3698 394 3755 Nullum
414 3696 507 3767 itaque
530 3694 665 3765 reliquum
686 3692 807 3748 lutrarum
825 3692 849 3747 si
869 3692 921 3748 iste
941 3690 1084 3760 evaderet,
1137 3685 1253 3745 liceret:
1272 3704 1324 3746 nec
1341 3689 1474 3762 reiigione
1496 3690 1678 3761 inclinatum,
1697 3692 1746 3749 sed
1767 3692 1867 3750 elatum
1888 3708 1926 3749 su
1998 3693 1999 3722 ι

284 3795 381 3853 ductus
394 3806 497 3849 venena
512 3788 686 3861 parricidalia
703 3802 814 3845 severum
831 3786 982 3843 visceribus
994 3784 1087 3841 iniun-
1136 3780 1232 3852 perbia
1246 3782 1273 3837 in
1288 3781 1475 3853 penetralibus
1494 3784 1588 3856 tempii
1611 3784 1728 3843 faciendi
1750 3786 1824 3859 quod
1837 3786 1924 3852 rellet,

284 3889 361 3956 dere,
376 3894 483 3943 mutare
506 3892 614 3942 mentes
636 3881 788 3949 hominum,
805 3881 851 3953 nui
876 3882 958 3938 etiam
982 3880 1087 3936 Pluere·
1137 3875 1278 3933 libidinem
1298 3893 1348 3950 pro
1364 3878 1428 3949 iure
1448 3880 1629 3939 exercuisset.
1651 3882 1686 3938 Et
1707 3882 1925 3956 quamrisdivina

283 4000 343 4042 ram
355 3997 465 4054 semper
476 3980 694 4037 amantissimum
706 3977 808 4047 tratris,
822 3976 938 4034 llerodis
949 3979 975 4033 in
990 3991 1086 4035 necem
1137 3969 1207 4025 trltio
1221 3980 1340 4027 mortem
1354 3973 1380 4029 el
1396 3974 1584 4032 acceleraret:
1599 3985 1691 4032 tamen
1704 3976 1848 4047 pulchrum
1861 3976 1926 4033 ride·

284 4079 344 4149 ejns
357 4076 505 4148 parricidio
518 4074 626 4131 lunesto
645 4071 866 4129 exsuscitaverit.
883 4070 923 4127 Ad
938 4069 1008 4139 haro,
1023 4085 1086 4127 cnm
1138 4064 1179 4132 ri,
1199 4066 1223 4122 si
1245 4062 1357 4123 etiaml
1376 4069 1472 4140 templi
1493 4072 1591 4128 sacrati
1613 4072 1768 4129 libertatem
1790 4088 1884 4140 suam,
1904 4075 1925 4128 in

283 4174 400 4243 plurima
416 4172 467 4227 ntia
494 4168 651 4227 excitandte
671 4166 865 4223 commotionis
889 4166 977 4237 gratia
1005 4164 1087 4221 Nico-
1138 4156 1316 4217 defendendis
1338 4160 1445 4232 paterni
1463 4162 1533 4221 ritus
1546 4165 1787 4224 obseruationibus
1802 4166 1926 4239 approba·
1998 4189 1999 4246 ι

284 4269 343 4323 toris
357 4265 518 4331 addidisset,
540 4263 585 4320 nbi
608 4276 763 4319 sermonem
785 4261 914 4328 absolvit,
930 4260 1084 4332 interroga·
1137 4261 1223 4311 rent:
1242 4269 1294 4312 nec
1312 4255 1428 4327 periculi
1441 4268 1515 4316 metu
1533 4274 1698 4333 quemquam
1712 4263 1837 4319 rerooeri
1856 4276 1926 4332 opor-
1998 4285 1999 4354 ι

284 4372 328 4418 tos
343 4376 358 4416 a
372 4360 444 4417 Varo
458 4369 500 4415 est
513 4355 675 4427 Antipater,
687 4354 712 4410 si
724 4353 894 4425 respendere
907 4353 1000 4411 veliet.
1013 4352 1086 4409 Nihil
1138 4356 1213 4416 tere,
1228 4363 1291 4406 cum
1305 4350 1389 4407 etiarn
1403 4351 1474 4409 muri
1492 4368 1544 4426 pru
1563 4354 1624 4428 tege
1645 4354 1733 4428 patria
1758 4356 1864 4430 insigne
1885 4357 1927 4411 im

285 4454 357 4511 aliud
378 4452 484 4517 retulit,
499 4450 550 4507 nisi
564 4450 654 4523 (Deus
676 4447 743 4506 mitti
758 4448 836 4505 testis
850 4446 910 4521 est)
930 4449 993 4519 quia
1017 4446 1086 4503 nihii
1138 4441 1313 4499 mortalitatis
1333 4443 1392 4499 sit:
1411 4444 1549 4517 primique
1569 4449 1661 4506 adorsi
1682 4465 1795 4509 auream
1819 4451 1926 4523 aquilam

285 4547 353 4603 lausi.
367 4546 436 4603 'lum
451 4544 538 4602 larus
559 4558 695 4600 venenum
718 4540 845 4613 prolerri,
871 4546 953 4613 atque
976 4538 1003 4596 id
1027 4539 1085 4596 dari
1137 4548 1219 4605 sopra
1240 4534 1380 4609 lastigium
1404 4546 1491 4611 porte
1509 4539 1619 4599 atiiaam
1644 4542 1794 4603 detrahere
1813 4560 1927 4618 eompu-

283 4642 366 4712 jnssit
378 4642 424 4697 uni
438 4640 473 4696 de
486 4638 541 4703 his,
552 4640 598 4710 qvvi
615 4638 671 4709 jam
694 4637 734 4693 rei
747 4637 844 4693 mortis
866 4636 1012 4707 adiudicati
1039 4651 1085 4693 es-
1097 4618 1126 4681 D
1139 4630 1235 4703 hensi,
1250 4636 1375 4706 1111111111
1389 4651 1483 4710 regem
1497 4640 1642 4711 perducti:
1656 4657 1719 4699 curn
1734 4646 1926 4720 interrogaren-

286 4745 358 4792 sent.
386 4734 445 4803 Qtvo
469 4740 598 4804 epotato,
619 4730 711 4788 statim
735 4739 859 4788 mortuus
885 4739 939 4788 est.
965 4732 1004 4788 lte
1033 4747 1088 4803 qtto
1139 4734 1203 4793 1111,
1218 4728 1262 4785 cui
1281 4729 1393 4788 obedire
1415 4732 1572 4804 cupientes,
1589 4744 1695 4794 tantum
1715 4740 1820 4799 lacinus
1845 4742 1927 4801 adsui

285 4829 402 4885 relatum
417 4826 450 4882 ad
466 4826 602 4882 cesarem
624 4832 677 4893 cst,
705 4832 733 4880 et
756 4825 785 4881 iu
810 4826 918 4882 vincula
943 4826 1087 4898 Antipater
1137 4816 1240 4888 l0l'ettl.
1253 4824 1456 4894 te⁵b⁰t¹tletttt¹t
1467 4825 1518 4898 lessl
1531 4836 1661 4900 1111111111·
1674 4831 1775 4889 11111111
1788 4836 1925 4907 querere,

285 4920 402 4993 imperio
417 4921 503 4991 patris
516 4918 655 4974 inducitur
670 4934 676 4973 ι
691 4934 742 4974 nec
757 4926 847 4975 tamen
870 4918 905 4975 ab
920 4918 1026 4976 insidiis
1039 4934 1087 4975 va·
1137 4930 1193 4986 quo
1206 4914 1268 4972 ireti
1281 4918 1561 4989 laetioresadcsseot,
1574 4937 1636 4979 cnm
1649 4921 1794 4985 ad'mortis
1808 4944 1927 4985 rocama-

282 5030 350 5073 cuns
365 5023 433 5069 erat.
447 5012 514 5068 Nam
532 5022 587 5067 ιιιιιι
599 5012 718 5068 maxime
730 5010 857 5069 Salenses
868 5012 1020 5082 periculum
1037 5014 1086 5070 do·
1136 5018 1181 5067 tnr
1196 5011 1355 5080 periculum,
1372 5014 1574 5086 responderunt
1589 5036 1597 5074 ε
1612 5017 1729 5076 Pietatis
1742 5030 1771 5079 et
1784 5021 1926 5081 deuotionis

284 5108 317 5165 lis
333 5108 455 5164 tentabat
467 5106 580 5193 directis
595 5105 729 5175 epistolis,
747 5120 814 5177 ques
828 5104 953 5162 Salomes
973 5106 1085 5164 trontine
1137 5109 1272 5179 praemiis,
1289 5126 1404 5183 quarum
1423 5115 1611 5172 remuneratio
1626 5132 1675 5187 pro
1688 5118 1742 5175 ritu
1757 5121 1844 5192 patrio
1862 5137 1926 5178 mor·

283 5204 427 5273 Antipater
438 5204 641 5271 composuerat,
654 5196 741 5267 plenis
755 5197 784 5254 in
797 5212 890 5271 regem
905 5188 1086 5257 contumelia·
1138 5210 1192 5259 tem
1215 5205 1407 5276 expetentibus
1426 5208 1640 5278 persolveretur.
1664 5210 1721 5269 Nec
1742 5213 1844 5272 diutius
1863 5214 1925 5273 terre

281 5313 343 5353 ιιιιιι
365 5308 448 5369 atque
462 5294 497 5351 ad
511 5292 614 5350 Acmen
629 5292 757 5350 ancillam
771 5292 851 5351 lulius
867 5309 928 5366 quau
941 5310 1011 5353 uxor
1025 5293 1086 5353 Cae·
1137 5299 1225 5369 potuit
1235 5301 1421 5373 responsionis
1429 5306 1626 5375 constantiam,
1638 5306 1687 5364 scd
1697 5308 1879 5382 indignatione
1887 5328 1925 5369 sn

317 5486 394 5543 sile
425 5478 582 5556 parenthesi
628 5478 740 5539 inclusae
767 5482 903 5541 dictiones
926 5481 1078 5539 abundant.
1170 5483 1243 5543 tSic
1258 5488 1387 5560 princeps
1397 5490 1493 5547 editio.
1513 5491 1557 5548 Ai.
1573 5493 1767 5554 reueheretur.
1787 5496 1830 5555 Al.
1846 5500 1923 5555 miae·

282 5560 368 5619 ΒΜ,
1032 5609 1039 5622 ,
1130 5568 1213 5612 ratos.
1233 5558 1308 5616 ldent
1321 5569 1418 5618 auctor
1433 5562 1596 5622 Ambrosius
1608 5567 1691 5638 epist.
1704 5570 1742 5627 15
1754 5568 1789 5625 sd
1803 5568 1922 5633 tierent..

315 5630 478 5687 turannos.
495 5627 533 5686 lu.
1130 5644 1159 5684 tt.
1175 5630 1212 5686 5:
1230 5630 1326 5688 Omrres
1344 5634 1475 5707 spiritales
1497 5637 1661 5709 neguitias..
1676 5680 1703 5697 ..
1724 5642 1922 5700 cnaratrereiat.

317 5718 327 5743 1
346 5700 449 5771 Offerre
464 5718 532 5758 nune
547 5716 608 5757 eunt
619 5699 748 5775 supplicio
763 5717 821 5757 rao.
837 5698 876 5756 lo.
1129 5698 1253 5759 Mazuca.

315 5775 329 5817 l
344 5776 406 5832 Vct.
419 5774 498 5839 eod,
512 5782 662 5831 testamenta
676 5773 791 5847 scripsit.
806 5770 845 5829 tr.
1166 5783 1179 5822 11
1200 5772 1333 5847 cognatis.
1348 5776 1435 5836 Buten.

316 5859 327 5887 1
344 5847 526 5919 Arpsreictttr.
540 5844 580 5903 lu.
1165 5842 1260 5919 theg.
1273 5850 1368 5924 empto
1379 5850 1487 5911 ιαιιιιιί.
1497 5852 1536 5912 lo.
