4075 6359
82 384 174 441 sora
535 378 671 439 hrsroa.
693 376 736 435 oc
755 376 896 436 sacruto
915 375 1052 434 turchos.
1068 375 1171 435 uuors
1189 375 1254 435 me.
1273 375 1307 433 u.
1678 356 1751 433 ‘curt

83 500 126 557 ab
143 498 398 573 llierosolymitaua
410 498 480 556 urhe
494 498 710 566 discernebatur,
726 504 755 553 et
775 495 845 554 odiis
859 498 939 562 in·A
953 498 1062 557 medius
1071 500 1235 563 intersecat,
1252 496 1298 568 qui
1309 495 1470 554 asolisortu
1482 494 1592 565 oriens,
1605 510 1659 553 non
1673 495 1754 570 longe

82 592 240 664 gentihus.
261 591 410 664 Propterea
440 590 526 648 ludaei
555 591 691 648 inimicam
725 589 777 647 sihi
805 589 900 646 urbem
952 597 987 652 ah
1011 596 1122 651 urhein
1141 608 1218 650 mare
1240 590 1487 664 conditur:quem
1506 589 1541 648 de
1561 591 1674 663 originis
1695 605 1754 647 sue

82 688 211 748 diruere
226 690 380 762 cupientes,
395 689 512 747 collecta
532 704 613 745 manu
626 688 794 747 involavere.
810 685 902 743 Praee·
952 697 1042 746 tractu
1055 686 1196 746 Orientem
1211 697 1320 744 ueteres
1337 686 1524 759 appellavere,
1540 694 1571 743 ut
1584 686 1663 758 uulgo
1674 693 1754 757 putc-

83 794 136 841 rat
150 784 216 841 urbi
228 784 364 841 Antonius
377 783 485 841 mitiore
500 798 612 840 numero
625 782 739 839 Romani
753 783 900 847 exercitus,
953 793 997 840 tur
1008 782 1078 839 lucis
1092 798 1191 840 nomen
1206 781 1325 850 dedisse,
1340 795 1403 837 cum
1422 780 1485 838 iride
1498 779 1646 852 acceperit.
1668 776 1753 850 Cujus

85 893 181 951 quam
198 895 253 951 quo
267 879 357 937 resisti
372 893 452 953 posse
470 876 572 935 ludaeis
584 877 776 934 aestimaretur.
791 873 844 933 Sed
861 874 902 931 sir
951 874 1130 947 lluentisipso
1142 877 1246 949 impetu
1256 875 1457 949 frigidioribus,
1471 873 1753 948 etreplryrisassiduo

86 972 216 1029 acrioris
227 972 339 1045 ingenii,
355 978 383 1028 ct
406 988 440 1030 ex
456 987 534 1043 aequo
545 969 665 1043 prudens
679 969 801 1035 bellator,
818 964 900 1024 dillu-
951 988 1001 1046 per
1019 988 1052 1028 ea
1070 972 1194 1029 locorum
1215 971 1396 1042 spirantibus,
1417 979 1473 1028 tota
1491 970 1588 1028 ciuitas
1606 970 1752 1027 momentis

86 1078 140 1121 sos
152 1072 184 1121 et
197 1080 313 1122 numero
327 1066 413 1137 magis
435 1080 515 1137 quam
534 1064 632 1120 uirtute
658 1062 775 1119 fidentes
795 1061 901 1119 eductis
950 1080 1038 1139 prope
1051 1065 1178 1122 omnibus
1192 1062 1385 1136 relrigeratur,
1401 1073 1432 1120 ut
1450 1062 1571 1121 Orientis
1586 1063 1613 1121 in
1628 1063 1753 1135 partibus

87 1158 248 1231 equitibus,
265 1160 380 1217 transire
400 1159 435 1216 ad
446 1160 542 1217 urbem
557 1158 642 1215 sinit:
658 1156 756 1213 deinde
776 1158 802 1213 in
818 1170 901 1214 cursu
950 1158 1093 1215 Orientem
1102 1155 1264 1214 abscondat.
1279 1157 1356 1213 lotus
1368 1155 1463 1213 dulces
1475 1172 1571 1229 aqum
1588 1157 1652 1213 loris
1666 1154 1752 1213 liniti·

88 1268 279 1326 progressos,
303 1252 396 1327 latigat
413 1261 576 1325 sequentes,
602 1250 741 1309 coulertos
768 1251 899 1323 dissipat,
951 1251 1278 1309 mumuemusintextum
1295 1250 1434 1322 cupressis
1447 1251 1565 1319 crebris,
1577 1250 1752 1324 lontesaquis

89 1345 223 1403 turbatos
237 1345 328 1418 lugat,
350 1355 463 1418 totoque
482 1360 580 1418 campo
603 1346 752 1401 insectatur
768 1342 899 1415 palantem
950 1348 1061 1414 uberes,
1089 1346 1229 1420 Daphnem
1249 1354 1364 1412 uocant,
1379 1346 1451 1417 quod
1472 1360 1619 1419 numquam
1632 1345 1751 1417 deponat

87 1440 140 1495 alii
162 1454 243 1497 rersa
255 1440 315 1497 rice
335 1450 469 1512 urgentur
493 1440 526 1498 ad
551 1454 655 1508 muros,
672 1438 818 1495 interclusa
830 1440 900 1510 lugac
950 1442 1117 1500 viriditatem
1134 1459 1141 1497 :
1156 1440 1288 1512 frequens
1301 1438 1566 1511 etlaettorpopulus,
1582 1450 1611 1495 ut
1622 1439 1752 1511 pleraque

88 1531 188 1603 copia,
215 1531 259 1588 alii
274 1530 382 1589 diversa
397 1539 503 1604 petum,
519 1533 566 1590 sed
580 1532 756 1589 circumuenti
775 1532 809 1587 ab
823 1530 900 1601 equi·
949 1536 1088 1604 orientis,
1103 1535 1279 1608 {facetiorque
1293 1548 1378 1607 prope
1392 1534 1533 1601 omnibus,
1553 1532 1602 1589 sed
1617 1533 1753 1606 propitior

90 1623 171 1680 tibus
184 1624 393 1682 obtruncantur.
405 1625 571 1696 llultisupra
587 1640 618 1681 se
638 1633 731 1691 ruunt,
747 1632 775 1679 et
791 1622 899 1679 seinvi—
949 1630 1079 1688 lascivire.
1093 1628 1164 1687 Urbs
1179 1630 1261 1685 tertio
1275 1628 1338 1685 loeo
1352 1638 1416 1684 ante
1433 1642 1466 1683 ex
1482 1625 1610 1684 omnihus
1634 1641 1696 1699 quae
1722 1626 1750 1682 in

88 1734 156 1777 ⁰⁰¹⁰
172 1721 276 1791 impetu
290 1735 340 1778 ⁵1¹⁰
353 1730 489 1788 ilsslnssssli
502 1722 593 1793 bathis
605 1734 692 1791 usque
704 1717 739 1774 ad
754 1734 898 1789 vesperum
949 1724 1016 1782 orbe
1028 1723 1152 1779 llomano
1162 1732 1225 1780 sunt
1237 1720 1532 1779 civitatibussestimata
1544 1760 1553 1787 ,
1566 1734 1638 1775 nuuc
1652 1726 1751 1791 quarto

89 1813 173 1881 caesi,
195 1813 312 1871 amisere
325 1830 359 1871 ex
369 1814 427 1871 suis
440 1815 535 1871 decern
549 1815 632 1871 millia
648 1814 780 1878 uirorum,
791 1812 897 1871 loanne
948 1830 1091 1891 postquam
1101 1816 1352 1887 Constantinopolis
1363 1814 1486 1872 excrevit
1498 1812 1595 1869 civitas
1606 1811 1752 1884 Byzantio-

91 1913 122 1963 et
134 1905 213 1979 Sylla
226 1907 340 1965 ducibus
356 1908 458 1980 pariter
469 1908 621 1965 exstinctis.
634 1904 717 1962 Pauci
737 1919 825 1963 autem
842 1907 897 1965 Ro-
911 1902 935 1964 B
950 1930 1009 1969 rum
1022 1955 1030 1977 ,
1045 1913 1190 1969 Persarum
1202 1910 1341 1985 quondam
1354 1918 1455 1981 capm,
1469 1924 1543 1964 nunc
1556 1908 1730 1981 repulsorum
1744 1923 1752 1960 ι

92 2014 243 2056 manorum
267 2016 300 2057 eo
310 2000 442 2058 vulnerati
460 2000 553 2074 praelio
568 2022 575 2055 ι
589 2015 641 2058 nec
665 2010 755 2057 tamen
770 2017 895 2073 repressa
949 2010 1036 2079 prima
1050 2008 1124 2065 enim
1137 2006 1241 2076 Renta,
1266 2004 1388 2063 secunda
1401 2003 1586 2069 Alexandria,
1602 2000 1682 2058 tertia
1692 2000 1751 2057 An·

92 2091 307 2149 esrtuoaeomu
322 2094 469 2160 temeritas.
485 2094 532 2150 sed
544 2094 682 2150 incanduit
699 2112 706 2149 =
732 2110 794 2151 neu
818 2095 896 2152 dolor
948 2102 1068 2171 attenta,
1085 2110 1180 2174 quarta
1191 2098 1453 2170 constantinopolis.
1469 2097 1509 2153 oe
1523 2098 1577 2153 stu
1592 2093 1667 2152 urots
1682 2095 1750 2150 sarto

92 2187 238 2245 audaciam
251 2188 389 2259 accendit,
408 2199 435 2245 et
464 2189 537 2247 labes
555 2190 704 2247 ulciscendi
728 2190 893 2261 cupidinem.
946 2194 1132 2267 dictumputo.
1142 2192 1237 2266 Neque
1247 2192 1318 2249 enim
1328 2188 1552 2249 indescribendis
1561 2184 1749 2261 ejusaedidciis

92 2278 246 2337 Armantur
256 2281 346 2353 itaque
360 2282 464 2352 majore
474 2282 554 2355 longe
569 2282 672 2351 idiote,
691 2298 741 2341 hcc
753 2282 817 2339 dum
833 2300 896 2342 seu·
946 2290 1147 2346 immorandum
1161 2289 1283 2358 ridetur,
1308 2288 1386 2359 cuius
1400 2302 1415 2343 a
1432 2296 1582 2358 tergocum
1610 2284 1745 2341 orientem

90 2374 199 2429 ciorum
224 2376 327 2433 sanatis
350 2376 528 2447 uulneribus,
546 2387 574 2434 et
587 2380 758 2450 congregatis
773 2379 895 2451 pluribus
946 2384 1080 2452 dixerim,
1095 2383 1163 2439 satis
1177 2383 1289 2455 liqucta
1306 2381 1374 2437 laeua
1397 2380 1431 2436 ad
1452 2380 1593 2436 meridiem
1606 2378 1715 2450 jacere,
1732 2391 1748 2433 a

91 2484 176 2539 quma
191 2469 250 2527 rice
262 2472 500 2542 priore,irruunt:
521 2474 568 2531 scd
579 2474 775 2545 eosdispositis
789 2476 896 2532 insidiis
946 2480 1179 2551 tronteburopam
1194 2492 1351 2545 occurrere,
1372 2476 1398 2532 in
1408 2477 1507 2532 dextra
1518 2472 1748 2543 septentrionales

92 2571 235 2636 exceptos,
252 2568 421 2641 priusquam
436 2570 570 2626 iomanus
585 2570 894 2638 uenirem,clausitcir·
945 2582 1042 2645 gentes
1055 2573 1170 2644 degere,
1190 2570 1342 2643 Caspiaque
1363 2583 1448 2641 regna
1467 2568 1580 2637 haberi,
1601 2582 1662 2639 qua
1682 2574 1748 2624 ante

94 2658 219 2716 cumihso
229 2662 350 2735 equitatu
365 2664 516 2733 Antonius,
536 2676 564 2720 ct
577 2665 781 2722 circumuentos
795 2680 896 2738 praece·
946 2666 1151 2739 promptissima
1180 2664 1214 2720 ad
1242 2663 1435 2720 incursandam
1455 2662 1563 2737 Syriam
1577 2671 1666 2719 erant.
1691 2660 1747 2718 Sed

95 2755 134 2823 pit
145 2755 230 2811 sterni
245 2772 251 2811 :
265 2770 336 2813 occsa
352 2758 449 2814 iterum
464 2773 562 2816 norem
576 2759 669 2828 millia,
687 2759 782 2831 reliqui
799 2758 894 2833 lugati.
946 2768 1090 2833 postquam
1106 2758 1261 2815 Alexander
1275 2758 1387 2827 llagnus
1401 2754 1528 2827 caspiam
1543 2764 1649 2827 portam
1662 2753 1746 2811 'lauri

94 2844 179 2917 Niger
206 2848 266 2918 ipse
290 2848 403 2921 elapsus
427 2850 453 2906 in
484 2852 682 2908 nrrrnhuemum
714 2866 743 2909 se
767 2853 893 2909 contulit.
946 2854 1049 2910 montis
1064 2860 1204 2926 praerupto
1218 2850 1365 2923 imposuit,
1382 2858 1556 2922 atqueomne
1568 2847 1746 2903 interioribus

95 2935 191 2995 'lurris
206 2948 266 3011 erat
279 2950 356 3012 septa
371 2941 490 3015 undiquc
506 2943 595 2999 ualido
610 2957 687 3013 saro,
701 2958 782 3015 quam
796 2944 895 3001 liema-
945 2947 1075 3021 gentibus
1086 2946 1311 3012 interclusititer,
1325 2951 1506 3000 memoratam
1518 2943 1611 2999 urbem
1624 2941 1744 3013 quietam

96 3030 138 3099 oi,
160 3034 222 3104 quia
243 3034 369 3093 excidere
397 3050 452 3092 non
478 3045 621 3109 poteraut,
638 3038 770 3109 appositis
787 3038 894 3111 ignibus
945 3042 1075 3109 reddidit,
1090 3041 1142 3099 nisi
1157 3041 1226 3098 lorte
1241 3048 1331 3096 motus
1345 3038 1472 3096 Persicos
1487 3046 1700 3109 suspectantem.
1715 3033 1745 3091 lu

95 3127 308 3186 circumdedere.
333 3130 372 3187 Ea
394 3131 506 3188 incensa
525 3130 552 3187 in
573 3132 703 3203 spelaeum
723 3132 840 3203 quodam
859 3130 894 3188 de
945 3152 977 3193 ea
993 3136 1186 3209 urbeAgrippa
1200 3149 1248 3191 rcx
1262 3149 1323 3191 cum
1337 3135 1411 3191 omni
1428 3132 1530 3189 uirtute
1543 3145 1593 3188 sua
1605 3139 1747 3202 exspecta-

96 3229 169 3279 turre
193 3227 388 3293 transgressus,
416 3226 520 3281 bostem
547 3224 643 3293 latuit,
660 3226 748 3298 iguem
776 3224 863 3281 erasit
885 3242 930 3281 r·.
946 3227 1199 3301 hatVespasianum
1215 3225 1427 3292 aduenientem,
1451 3240 1501 3282 nec
1515 3224 1617 3281 diutius
1640 3238 1674 3280 eo
1688 3238 1748 3279 ιιιο-

96 3314 279 3389 Romanisque
316 3320 436 3387 securis,
464 3320 537 3391 quod
567 3322 625 3391 ipsc
659 3320 740 3377 sinml
766 3296 1041 3393 incendioflrame,
1062 3323 1202 3381 comitatui
1216 3320 1514 3392 adltasit:conjuucto
1528 3320 1628 3377 itinere
1651 3320 1745 3375 Ptole·

96 3418 269 3481 consumptus
283 3411 433 3484 lorct,post
443 3414 629 3469 tertiumdiem
641 3414 825 3487 quarentibus
836 3416 893 3472 suis
944 3416 1062 3474 maidem
1078 3424 1172 3488 petere
1179 3424 1334 3487 coeperunt.
1347 3416 1388 3472 Ad
1404 3430 1464 3471 earn
1489 3414 1584 3471 urlrem
1599 3428 1747 3471 occurrere

95 3514 191 3573 corpus
205 3503 265 3573 ejus
279 3504 312 3559 ad
327 3506 507 3577 sepulturam,
525 3509 619 3563 uirens
641 3520 668 3565 et
692 3509 788 3581 rigens
800 3508 892 3566 reddi·
943 3511 1132 3569 inhabitantes
1155 3510 1317 3583 sephorim,
1337 3525 1431 3582 pacem
1448 3526 1511 3567 cum
1523 3508 1650 3565 (lucentio
1665 3508 1746 3567 Gallo

96 3605 147 3650 tur.
164 3596 253 3668 Atque
266 3597 303 3655 ita
317 3612 378 3655 cum
402 3616 499 3673 magno
519 3602 618 3675 gaudio
631 3600 733 3660 iudeis
755 3613 890 3673 serratus,
939 3602 1113 3676 jamdudum
1129 3605 1236 3671 initam,
1256 3602 1362 3660 llrmari
1386 3602 1584 3674 alcspasiano
1607 3608 1742 3671 petentes.

96 3689 129 3747 ab
142 3688 217 3747 boste
229 3702 451 3763 representatur.
942 3698 1063 3769 Quorum
1088 3697 1199 3755 laudata
1225 3698 1390 3768 prudentia,
1414 3697 1487 3769 quod
1518 3693 1599 3752 saluti
1626 3694 1745 3765 propria·

411 3785 526 3845 CAPUT
541 3786 574 3846 ll.
941 3791 1132 3849 consuluerint
1141 3804 1194 3847 uon
1206 3790 1368 3847 lacessendo
1380 3788 1530 3856 Romanos,
1541 3795 1623 3857 atque
1631 3795 1743 3857 accepta

133 3881 314 3955 Vespasianus
327 3882 431 3940 interea
442 3895 571 3955 superato
585 3884 779 3958 Hellesponto,
796 3885 892 3959 Bithy·
942 3882 1012 3954 hde,
1027 3894 1055 3941 et
1067 3884 1095 3941 in
1110 3885 1259 3940 amicitiam
1274 3884 1380 3953 recepit
1394 3898 1453 3947 eos,
1469 3892 1495 3938 et
1510 3880 1609 3937 additis
1619 3880 1741 3953 peditum

96 3975 165 4031 niam
181 3974 358 4048 Ciliciamque
377 3977 582 4045 transmittens,
598 3978 644 4034 ubi
662 3977 768 4050 Syriam
784 3978 887 4050 attigit,
941 3977 1301 4050 eqrrostribusqueauxiliis,
1314 3976 1382 4033 lovit
1392 3976 1549 4044 securitate,
1563 3990 1598 4032 ne
1609 3975 1679 4031 lorte
1693 3974 1743 4033 de·

95 4068 213 4140 legiones
223 4078 394 4141 caeterasque
408 4069 540 4126 militares
554 4072 649 4142 copias
662 4087 732 4142 quas
748 4072 774 4127 in
790 4086 822 4127 ea
846 4086 890 4128 re·
941 4074 1089 4131 stitutionis
1099 4075 1228 4130 commoti
1244 4072 1357 4141 dolore,
1377 4071 1553 4140 insurgerem
1574 4070 1601 4126 iu
1616 4084 1665 4127 eos
1675 4070 1741 4127 belli

97 4163 179 4235 perit,
208 4163 381 4221 Antiochiam
398 4162 521 4221 deduxit.
535 4162 607 4221 Urbs
623 4180 653 4221 ea
670 4164 758 4237 Syriae
771 4165 831 4221 siue
846 4178 890 4221 re·
940 4168 1125 4225 excitatores:
1141 4183 1202 4225 cum
1219 4168 1294 4225 uelut
1307 4168 1457 4223 claustrum
1468 4164 1603 4237 quoddam
1619 4162 1739 4231 laudae,

95 4255 252 4313 tractatione
263 4258 364 4328 prima:
375 4255 490 4327 ideoque
503 4256 663 4327 metropolis
674 4257 791 4313 hahetur
803 4276 809 4311 ε
823 4272 889 4314 eon-
940 4262 1129 4335 sephoritanis
1138 4276 1199 4319 sese
1209 4262 1333 4318 Romano
1342 4258 1643 4332 imperlnoileremibus
1652 4258 1741 4314 resol-

95 4350 148 4405 dita
162 4348 195 4406 ab
211 4348 253 4407 bis
262 4350 308 4421 qui
321 4348 477 4405 Alexandro
489 4348 586 4420 llagno
602 4348 712 4404 bellanti
726 4348 885 4417 adhaesero,
939 4363 1061 4419 veretur,
1073 4364 1101 4410 ut
1113 4354 1140 4411 iu
1154 4370 1214 4411 eam
1225 4354 1349 4427 peruium
1363 4354 1416 4411 iter
1427 4352 1498 4409 hosti
1510 4360 1625 4423 pateret,
1635 4354 1738 4424 quaead

93 4444 241 4502 conditoris
255 4444 296 4499 sui
312 4452 466 4514 nuncnpata
476 4442 621 4499 uocabulo.
638 4442 714 4500 sirus
730 4442 806 4498 urhis
821 4457 885 4513 por·
939 4449 1091 4505 custodiam
1101 4449 1185 4504 totius
1198 4448 1287 4520 gentis
1301 4456 1456 4518 opportuno
1469 4445 1621 4518 quodamtn
1631 4444 1737 4500 hostem

95 4546 178 4594 rectus
191 4536 219 4594 in
229 4536 390 4594 immensam
402 4536 599 4608 longitudinem
612 4536 720 4591 :inalto
733 4536 884 4607 augustior,
937 4542 1047 4612 objectu
1056 4551 1224 4599 occurreret.
1240 4542 1307 4598 Erat
1316 4542 1390 4599 enim
1407 4547 1507 4612 preater
1515 4538 1670 4610 epimonem
1684 4536 1738 4594 loci

95 4632 153 4702 quia
172 4642 307 4703 praerupto
326 4632 428 4687 thomis
444 4644 459 4685 a
484 4630 553 4685 lara
574 4638 705 4697 arctatur,
729 4638 758 4685 ul
773 4628 883 4686 exiendi
939 4636 1093 4693 munitioris
1108 4635 1299 4694 urbsGalilaae
1313 4635 1430 4692 maxima
1444 4650 1523 4706 :quac
1533 4648 1577 4689 res
1586 4631 1737 4705 admonuit,

96 4722 202 4779 ulterius
213 4721 429 4780 mutandaeurbis
441 4722 527 4794 spatia
538 4712 886 4793 nequiverintllecessitas
898 4699 926 4762 Ῑ)
940 4744 969 4789 m
984 4747 1047 4787 eum
1058 4732 1118 4787 duae
1128 4729 1334 4799 sichemitae,
1361 4745 1414 4785 una
1428 4728 1573 4801 superior,
1595 4727 1680 4785 alten
1696 4728 1739 4783 tn.

96 4817 178 4873 ¹⁰i¹¹¹¹¹
194 4816 399 4888 ⁸³8¹¹³ll²2h¹¹li
416 4831 465 4889 per
479 4816 623 4873 ⁰⁰⁰¹¹¹¹el0¹
635 4815 714 4872 ‘¹⁶'st
730 4816 885 4888 “lumbin-
939 4824 1038 4890 leuior,
1066 4838 1199 4879 connexae
1231 4830 1259 4878 et
1286 4821 1440 4893 roujrrnctoe
1472 4820 1539 4883 sibi.
1562 4820 1676 4876 alteram
1704 4820 1740 4875 ab

94 4910 159 4967 libus
173 4907 296 4976 Peribis,
312 4924 392 4965 ¹¹¹⁰¹i⁸
405 4910 503 4967 001ῦὶοῐ
515 4909 660 4967 latibulum
673 4908 768 4977 (lilii,
784 4925 817 4967 0¹
829 4925 884 4982 <ltro
938 4916 1027 4973 altera
1035 4916 1246 4987 distinguamus.
1259 4913 1314 4971 Sed
1327 4915 1403 4987 prius
1411 4914 1445 4971 de
1460 4911 1737 4986 utraqucdicendum.

95 5018 123 5059 sc
137 5002 271 5072 inopinato
284 5000 400 5057 ndrcmu
415 5012 442 5057 et
455 5003 624 5072 promptiore
635 5003 736 5073 impetu
752 5003 779 5056 in
797 5002 883 5073 impa-
1247 5008 1363 5067 cgpu'r
1384 5009 1427 5067 vl,

95 5106 173 5153 ratam
190 5094 296 5167 syriam
311 5092 505 5151 effunderent:
522 5094 573 5151 nisi
588 5094 686 5152 civilis
709 5095 796 5151 monii
808 5094 883 5151 teltrt
974 5104 1088 5178 quiqqqg
1101 5103 1220 5163 Galim
1236 5104 1314 5177 Syria
1329 5114 1356 5160 gt
1370 5103 1500 5161 Phoenigg
1515 5103 1665 5173 adhaepgng,
1679 5103 1737 5161 dig.

95 5185 881 5259 tlltlililm⁰bi²⁰010¹›0¹³¹¹¹⁸l¹¹0⁰bSli¹¹⁸i⁰¹³dl0¹¹50¹b
936 5200 1136 5272 terminumque
1147 5213 1233 5256 carna
1248 5199 1313 5256 solis
1328 5212 1427 5254 occasu
1439 5197 1589 5255 Ptolemais
1606 5198 1738 5256 territorii

96 5284 158 5339 tibus
176 5300 182 5337 τ
199 5287 228 5337 ¹11
249 5282 271 5337 si
286 5278 348 5353 quis
367 5277 548 5335 birblwfflm
564 5280 742 5345 ascenderet,
758 5279 850 5337 statim
865 5296 881 5337 e
935 5290 976 5346 sui
991 5289 1099 5359 finibus,
1112 5301 1140 5347 et
1151 5305 1230 5346 ntons
1240 5290 1446 5363 Carmelus,qui
1459 5300 1518 5347 erat
1530 5301 1593 5347 auto
1603 5290 1736 5361 Galilais,

96 5376 176 5433 bledl⁰
190 5373 265 5431 Uibii
286 5373 348 5429 sinu
363 5378 596 5443 ll⁰⁵li⁰¹³l02l¹b
613 5373 734 5443 Denique
745 5388 807 5430 ⁰⁰¹⁰
822 5373 879 5429 lulli
937 5398 1008 5441 nunc
1019 5398 1085 5440 uero
1105 5383 1251 5456 Tyriorum
1268 5382 1368 5440 iuribus
1379 5386 1541 5453 associatus,
1557 5386 1599 5439 eui
1616 5398 1734 5440 corraeo-

95 5469 272 5527 scenieiinea
300 5467 714 5535 celebrarentururbe,lerunt
733 5468 880 5541 quemdam
935 5476 1001 5533 titur
1026 5474 1117 5532 Gabaa
1142 5475 1238 5532 ciuitas
1270 5492 1332 5549 quae
1364 5477 1502 5548 quondam
1528 5475 1630 5532 ludam
1653 5490 1734 5531 causa

96 5574 222 5622 auctorem
236 5565 380 5622 mimorum
396 5561 508 5620 elevatis
520 5562 609 5621 oculis
621 5562 648 5619 in
658 5574 795 5635 ruentem,
811 5564 877 5622 Per·
933 5568 1167 5645 granisexitiiluit
1183 5588 1190 5627 :
1204 5568 1239 5627 ab
1251 5570 1426 5627 orienteeam
1436 5569 1576 5641 llyppencc
1588 5577 1614 5623 et
1626 5566 1733 5625 Gadara

96 5674 135 5717 sas
155 5657 252 5714 vidisse
267 5658 461 5729 aduenientes,
481 5667 510 5715 et
534 5657 639 5715 dixisse
663 5659 813 5716 continuo:
830 5660 885 5717 Aut
932 5666 1246 5725 sursunthumseqam,
1258 5666 1460 5725 &dementem
1473 5661 1674 5721 acclamantem
1686 5679 1731 5721 η.

97 5753 316 5821 somniumrideo,
325 5752 664 5828 autmagnumpericulum
678 5770 684 5808 :
697 5752 767 5811 Ecce
779 5756 881 5811 Persae.
931 5760 1041 5833 gioniet
1063 5776 1149 5833 regno
1163 5760 1291 5831 Agrippae
1314 5762 1431 5818 conhma
1461 5757 1622 5832 praescripta
1645 5758 1732 5817 reteri

96 5846 129 5904 lta
140 5861 212 5903 mons
227 5848 272 5935 ubi
290 5848 466 5921 praeeminet,
487 5857 518 5906 ui
539 5862 590 5905 nec
605 5846 703 5933 theatri
718 5848 834 5906 altitudo
848 5850 881 5908 ad
931 5856 1076 5915 accoluere
1088 5872 1095 5911 ε
1106 5853 1281 5911 ameridiauo
1291 5852 1729 5927 laterescgthopolisetsautaria

97 5933 302 6013 prospiciendum
308 5938 632 6015 btotdemimpedimemo
641 5938 685 6003 sit·
698 5940 807 6001 iltutus
821 5956 881 6001 cnm
930 5950 987 6008 suis
1001 5957 1114 6020 utraque
1122 5943 1296 6018 excipiuntur
1305 5931 1473 6019 regionibus,
1484 5962 1534 6006 noc
1545 5944 1616 6009 ultra
1628 5940 1731 6009 bucata
