4075 6359
287 220 359 283 atus
865 204 867 209 ’
967 219 1089 286 sauutt
1106 216 1268 286 astuosa
1860 232 1906 288 rra

287 339 408 401 mulabat
430 358 459 401 se
485 339 557 417 plebi
573 340 682 411 lasere,
708 350 738 399 ut
752 342 999 400 circumscriberet.
1015 338 1085 410 outo
1099 337 1124 406 A
1139 343 1238 399 ratieul
1252 350 1333 415 atque
1345 344 1507 402 reverentiae
1521 342 1616 403 adluit.
1634 344 1741 417 Fugite
1759 346 1835 419 igitur
1848 362 1907 409 man

290 436 368 509 plura
379 436 391 494 i
403 438 511 510 Pergit,
531 436 566 493 de
582 450 647 507 pace
662 449 746 509 pauca
759 436 913 506 praesuittil,
929 436 1008 507 plura
1020 436 1086 491 sub·
1140 436 1331 507 parricltiules,
1352 444 1381 494 et
1403 452 1486 493 austrs
1508 440 1661 511 sacrilegos
1684 439 1838 504 destituite,
1856 444 1909 501 dese·

289 530 358 587 texit
372 532 405 587 ad
422 529 484 587 belli
514 530 699 586 incentivum:
721 528 814 585 dicens
842 530 950 586 nornine
975 528 1086 602 pacis·
1138 530 1189 585 rite
1203 530 1339 588 latronam
1363 533 1553 590 conciliabula.
1565 534 1667 591 Vocati
1692 534 1764 590 estis
1781 534 1813 591 ad
1830 550 1910 595 mamr-

287 623 387 681 bellmn
401 626 571 692 involutum,
597 622 680 679 latere
694 622 820 691 insidias,
838 624 961 680 dnaraum
984 620 1087 679 liuma-
1139 624 1206 680 liuto
1221 626 1353 692 sceleris,
1371 627 1468 683 territis
1488 628 1522 683 ad
1550 627 1709 684 remedium
1732 630 1834 697 patriar.
1858 631 1913 686 iilo

287 720 330 775 uls
346 720 440 775 urbem
452 717 574 787 tradere,
592 734 646 790 qrso
666 719 826 774 solemnitas
841 727 960 775 sclerum
984 714 1084 773 ‹iissul-
1139 729 1199 771 mus
1212 718 1414 775 utitatissimum
1428 720 1574 791 populum,
1586 736 1671 790 quern
1687 720 1787 775 senice
1796 721 1914 794 deeritpu

285 820 412 880 seretur,
438 811 506 883 legis
528 812 724 884 abrogarentur
744 822 897 884 precepta,
918 826 1088 884 componens
1137 808 1211 866 blico
1226 821 1350 883 sapatum
1370 813 1499 881 coasilio,
1514 822 1544 868 ut
1562 812 1622 870 orbi
1636 812 1802 869 Jurlaeosmu
1816 828 1914 884 presan

286 904 425 961 ediverso
439 909 545 972 omnim
571 916 653 977 atque
678 906 809 963 inuidiam
827 907 854 964 in
870 906 1021 980 principem
1044 919 1088 963 sa·
1140 904 1254 960 lissima·
1275 907 1353 978 (que
1380 908 1462 963 totius
1489 908 1579 980 gentis
1601 910 1774 980 metropolis
1799 910 1914 983 lrabeatul

285 996 426 1054 cerdumm
441 998 564 1056 reterens
589 1014 701 1066 eurum,
728 1016 788 1071 nau
814 1000 873 1071 ipse
897 1000 1086 1056 meditaretur.
1138 994 1283 1052 adeersum
1298 999 1391 1056 trustes
1404 1001 1596 1057 antiliuloret.
1610 1002 1667 1057 Sed
1679 1004 1736 1058 etsi
1748 1003 1915 1060 uosdeliussu
1960 984 1961 989 ἵ

284 1088 390 1150 Gallide
415 1093 514 1162 etlam,
531 1108 600 1166 ursus
622 1092 724 1151 sciebat
749 1092 860 1150 illorum
883 1092 929 1165 nui
964 1092 1088 1149 conclusi
1140 1088 1279 1158 utilitum.
1301 1090 1367 1146 dum
1393 1106 1488 1163 pacem
1508 1095 1748 1165 speravimus,et
1769 1094 1917 1165 [armarere

285 1195 382 1255 eraut,
398 1202 460 1244 esse
485 1187 617 1258 praesules
633 1196 661 1244 et
675 1186 804 1242 lectionis
821 1188 974 1257 principes,
992 1187 1088 1242 incita·
1140 1178 1154 1219 ¹·
1174 1195 1289 1251 propere
1304 1183 1454 1250 soluimus,
1473 1186 1518 1256 qui
1535 1186 1741 1241 excitatoribus
1761 1187 1826 1243 belli
1848 1202 1917 1258 pecu

284 1280 346 1350 bat,
361 1296 458 1353 {rasere
472 1282 570 1339 mcertis
585 1278 731 1338 formidine
759 1294 900 1349 assereus,
926 1281 997 1353 quud
1020 1278 1088 1352 lpsls
1139 1275 1324 1333 oller-eburnus
1338 1295 1345 1334 ι
1359 1286 1449 1335 tamen
1461 1292 1512 1334 sor
1530 1281 1608 1350 parari
1622 1280 1724 1335 divino
1738 1281 1850 1335 arbitrie
1861 1296 1918 1336 sese

284 1375 443 1445 specialiter
463 1374 577 1431 Arsanus
601 1374 713 1431 esitium
735 1374 956 1445 composuisset:
978 1375 1089 1431 senisse
1141 1368 1214 1434 sitis,
1229 1374 1365 1429 consulite
1378 1375 1403 1429 in
1419 1373 1594 1441 medium,et
1606 1374 1745 1431 exbibete
1753 1376 1918 1445 pastisutsias·

284 1482 330 1529 se.
347 1476 377 1522 ut
389 1466 513 1525 fraudem
528 1468 725 1523 rnanilcstasct.
746 1464 852 1524 llature
868 1466 989 1523 subsidia
1014 1482 1090 1538 ιιιιιι-
1140 1476 1194 1533 true
1208 1464 1335 1520 arbitros.
1351 1464 1472 1533 Quaerite
1497 1466 1571 1523 uude
1596 1475 1750 1536 coeperuut
1772 1467 1918 1523 exordisse

282 1558 386 1627 rende,
402 1562 573 1631 priusquam
589 1561 677 1617 abeis
691 1574 770 1632 poeua
790 1570 991 1633 reposceretur.
1017 1558 1088 1629 Quid
1141 1556 1260 1620 multos,
1276 1558 1322 1628 qui
1343 1558 1498 1614 cecinerim
1510 1560 1611 1629 quietae
1625 1558 1690 1614 orbi
1716 1558 1918 1630 classicanum

284 1652 473 1725 pluraipacis
486 1655 592 1711 medius
613 1654 862 1712 bellumacceudit.
886 1655 1029 1728 Eliguntur
1042 1657 1088 1727 nni
1139 1648 1284 1706 uffutlutt'ut
1312 1654 1599 1721 praestantissimorum
1632 1653 1741 1708 uitium
1774 1654 1916 1723 metitur.

285 1746 419 1805 lalrrnaacus
432 1748 464 1805 ad
482 1750 605 1821 praelium
620 1758 733 1822 regent:
748 1764 833 1821 gertus
848 1750 965 1819 suebile,
982 1750 1087 1821 inutile·
1102 1770 1126 1833 B
1139 1744 1238 1814 mribus
1256 1746 1413 1801 auctoribus
1438 1760 1518 1816 poeoa
1539 1756 1633 1802 exacta
1647 1747 1687 1801 tle
1701 1745 1862 1801 indemnatis
1882 1750 1917 1801 sit:

285 1848 361 1908 turn,
386 1842 522 1911 insolens,
548 1850 705 1916 promptum
739 1843 773 1899 ad
800 1842 968 1909 discordias,
993 1856 1085 1898 rerum
1139 1836 1282 1907 uuioobis
1305 1845 1370 1895 ante
1390 1836 1531 1895 llusnanos
1548 1840 1634 1897 exitio
1654 1839 1782 1910 luefirss,
1804 1842 1918 1895 adsersus

283 1932 519 1991 immutationibus
543 1936 651 2002 lartum,
668 1934 781 2006 periculi
796 1934 997 2006 improvidum,
1014 1946 1085 2003 prce·
1138 1929 1198 1985 illos
1213 1929 1315 1985 bellum
1338 1932 1519 2002 parabamus,
1532 1943 1560 1987 et
1573 1935 1694 2003 trusjasu
1709 1934 1806 1990 bostes
1822 1933 1917 2004 patiela

284 2040 349 2099 ceps
375 2030 408 2084 ad
433 2028 570 2100 prelium.
585 2030 677 2098 ltaque
697 2030 757 2084 siue
773 2042 849 2083 mora
873 2026 936 2083 llesi
957 2028 1084 2092 renium,
1137 2036 1216 2077 mrsr:
1230 2036 1346 2093 quorum
1361 2025 1444 2096 igitur
1456 2040 1518 2081 cunr
1531 2025 1664 2083 bertranis
1684 2037 1816 2096 suspecta
1837 2024 1918 2096 gratia?

284 2136 489 2196 congregantur
501 2125 597 2196 uiginti
622 2124 707 2179 luillia
720 2124 860 2190 uirorum,
882 2131 911 2179 ut
925 2132 987 2194 pete
1004 2122 1085 2177 nullis
1136 2131 1231 2173 eorum
1255 2120 1302 2191 qul
1329 2118 1469 2179 Bismanoe
1492 2120 1649 2189 sladmant,
1665 2138 1706 2177 au
1721 2137 1819 2178 eorum
1831 2123 1870 2192 uari
1881 2122 1916 2173 le

282 2216 387 2273 intuma
412 2226 547 2273 terrarum
574 2217 710 2283 coitibus,
733 2216 780 2271 secl
808 2222 901 2285 parata
923 2215 1083 2270 latrociniis.
1136 2226 1232 2267 mastos
1246 2213 1405 2285 repellenti
1424 2213 1559 2271 Grasinra
1575 2215 1633 2269 liaee
1647 2228 1733 2272 ceste
1754 2214 1846 2279 nutris,
1860 2227 1916 2281 uuio

282 2308 338 2367 Nec
351 2310 438 2367 latere
464 2311 551 2381 proluit
578 2311 702 2367 Arretium
729 2310 861 2367 adventus
891 2308 1081 2365 idumaeorum.
1135 2306 1323 2363 lleuranorum
1344 2310 1454 2379 prelia:
1475 2310 1511 2365 ab
1524 2310 1661 2366 illisenim
1678 2324 1733 2381 pso
1749 2309 1914 2365 liberatem

282 2400 406 2473 Denique
421 2412 526 2474 portam
540 2403 630 2460 claudi
650 2404 743 2474 jubet,
775 2418 808 2459 oe
833 2418 893 2459 cusu
911 2402 1029 2458 ttrmultu
1042 2405 1085 2457 lu·
1134 2401 1236 2465 riatur,
1251 2403 1285 2457 ab
1298 2403 1358 2459 istis
1370 2405 1447 2474 uuasl
1472 2420 1523 2477 pru
1545 2404 1651 2461 scelere
1663 2404 1837 2475 jugulamus.
1849 2401 1915 2457 Stur-

282 2496 482 2565 proderentur:
497 2498 544 2554 sed
566 2498 589 2554 sl
612 2498 671 2555 lleri
698 2507 789 2569 posset
804 2498 946 2555 ceritatem
965 2512 1081 2569 eognos-
1137 2490 1228 2550 lantur
1238 2495 1340 2551 innoxii
1355 2498 1500 2553 cslsninuss
1512 2497 1695 2568 esuritionis,
1708 2508 1740 2554 et
1751 2508 1810 2569 pust
1821 2506 1911 2550 msrrttu

282 2600 394 2659 cerem,
412 2590 486 2647 bellu
501 2590 701 2648 renuntiarent.
1134 2586 1270 2643 caluamla
1290 2590 1482 2660 conspersitur:
1502 2604 1564 2645 cum
1577 2592 1703 2661 cognitio
1715 2605 1823 2661 poeuam
1835 2601 1912 2657 prere·

585 2684 700 2742 CAPUT
720 2682 777 2741 Vll.
1135 2678 1308 2749 uiresnleat,
1324 2696 1378 2737 nors
1393 2696 1472 2752 poena
1485 2682 1684 2752 cognitionem.
1703 2682 1776 2751 erid
1790 2682 1855 2736 esaim
1868 2694 1911 2748 pe

318 2774 506 2833 Ascendenles
518 2778 610 2849 itaque
621 2779 760 2850 principes
771 2777 944 2835 secerdotum
956 2788 1082 2843 murum,
1134 2768 1193 2825 llesl
1206 2769 1336 2829 dtrltsticltl
1349 2774 1469 2842 absolvi,
1483 2790 1545 2831 clim
1557 2774 1659 2845 judime
1673 2779 1733 2846 jam
1744 2776 1811 2833 nibil
1821 2772 1910 2828 delicat?

280 2866 415 2927 ldursraens
430 2871 463 2926 (le
479 2872 547 2927 turri
568 2870 795 2943 alioquebantur:
817 2872 935 2927 marimo
954 2886 1016 2928 esse
1034 2874 1084 2927 mi·
1134 2864 1310 2937 suscepimus
1324 2877 1415 2923 missen
1428 2868 1509 2924 etlam
1524 2881 1627 2925 sortem
1643 2868 1820 2940 instiusmodi,
1832 2881 1857 2921 ut
1867 2874 1908 2935 pet

282 2960 376 3015 racule
399 2962 466 3029 sibi,
486 2962 559 3032 quud
574 2970 628 3018 ιιιιιι
643 2964 698 3019 cito
714 2963 811 3019 irretiti
826 2963 992 3032 ruenduciis,
1019 2978 1085 3020 cau·
1135 2972 1231 3014 uuuem
1254 2959 1289 3015 tle
1315 2960 1472 3017 irraueentia
1492 2972 1646 3031 quaeratur:
1665 2970 1698 3017 el
1723 2963 1836 3018 libeulut
1859 2955 1908 3023 apd

278 3064 324 3107 aas
349 3067 416 3123 quas
438 3054 557 3109 utilradum
574 3066 775 3128 cogrseeesant,
792 3059 877 3112 armis
888 3070 1085 3129 prosequerer·
1136 3068 1184 3110 tos
1195 3070 1304 3126 quunue
1316 3068 1428 3111 reusam
1456 3054 1562 3126 agimus
1577 3064 1679 3111 nosue
1692 3054 1907 3117 detrineaesumure

282 3154 347 3199 tura
372 3160 433 3201 euru
448 3148 602 3217 oportuerit
626 3164 674 3205 eus
697 3152 773 3220 prim
797 3150 993 3221 disceptatures
1021 3164 1119 3232 essee
1135 3148 1319 3219 integritatis,
1334 3149 1382 3219 nui
1402 3150 1480 3205 statis
1502 3148 1601 3203 arcuati
1614 3163 1665 3220 pru
1689 3146 1867 3205 adversariis:
1883 3139 1907 3194 ia

283 3240 470 3307 negotiorum,
494 3255 575 3312 qsram
596 3240 732 3299 bellorum
757 3245 947 3313 praeliatores:
974 3252 1003 3301 et
1027 3256 1083 3315 prae
1135 3241 1801 3312 nullaargumentacalumnlamibussuppetunt,
1817 3231 1907 3303 stapel

284 3330 392 3385 caeteris
407 3335 501 3388 reuerita
515 3348 696 3406 cognoscere,
714 3352 795 3406 stuata
819 3352 894 3393 arma
908 3352 1036 3396 sumere:
1057 3347 1086 3395 et
1136 3352 1185 3392 tus
1206 3352 1313 3409 utroque
1334 3338 1491 3408 grauiorem
1512 3351 1624 3392 causam
1651 3337 1790 3403 babeam,
1811 3336 1852 3404 eui
1869 3341 1906 3383 ltu

281 3436 358 3477 artua
372 3424 515 3482 adversum
531 3431 605 3485 visos
618 3430 661 3484 sui
683 3432 811 3501 generis,
831 3434 873 3489 sui
896 3434 1002 3501 cultus,
1027 3448 1083 3490 errae
1134 3435 1190 3489 cito
1203 3433 1380 3490 credidistis:
1394 3434 1482 3489 busim
1496 3432 1665 3503 euinsjudex
1677 3434 1874 3497 eircususcptuu
1885 3436 1905 3477 tl

281 3514 468 3575 solemnitatis
484 3520 565 3577 nullis
589 3522 705 3593 amplius
720 3526 867 3596 irrogatum
881 3526 988 3598 lupulae
1001 3542 1082 3598 param
1133 3542 1195 3583 esse
1222 3526 1373 3583 rneirdaciis
1391 3527 1484 3591 delet,
1500 3536 1529 3581 et
1548 3540 1582 3581 eo
1602 3538 1644 3581 est
1670 3524 1777 3582 lalle'uti
1798 3519 1904 3577 iniustior,

282 3606 422 3682 idumeis,
444 3612 491 3685 qui
513 3616 546 3671 ad
572 3618 732 3674 societatem
748 3618 912 3691 flagitiorum
942 3632 996 3678 tam
1021 3638 1084 3695 gra·
1134 3638 1215 3694 uuam
1229 3621 1396 3693 appetitior,
1425 3620 1530 3693 screated
1545 3630 1648 3678 terrrere
1670 3636 1703 3677 se
1722 3619 1868 3693 impulsum.
1884 3621 1903 3663 ¹³¹

280 3704 353 3759 risam
380 3709 595 3767 concitarentur.
610 3712 679 3781 Quid
695 3714 768 3771 enim
794 3718 867 3773 allsrd
896 3718 930 3774 ab
954 3718 1012 3789 bis,
1029 3721 1083 3776 nisi
1135 3717 1212 3773 iaslsis
1224 3717 1367 3784 crederet,
1384 3714 1572 3773 ulciscendum
1583 3716 1746 3773 arbitratur.
1760 3704 1903 3785 ipituruuitt

281 3800 457 3868 parricidium
473 3803 617 3862 adeersum
632 3814 724 3877 eires,
751 3812 923 3883 sacrilegium
949 3814 1084 3875 adsersus
1135 3810 1270 3881 inceperim
1296 3823 1413 3865 examen
1435 3817 1561 3875 serram,
1582 3818 1612 3865 et
1631 3808 1755 3880 colligite
1775 3806 1901 3861 scritum·

280 3893 412 3964 templum
427 3898 645 3968 deposceretur!
661 3919 714 3960 nou
730 3907 820 3963 solere
841 3908 946 3966 disersa
962 3914 1035 3967 luter
1053 3926 1084 3968 se
1136 3920 1189 3959 '¹⁰¹¹
1203 3919 1238 3960 0¹
1248 3905 1412 3961 uuulu¹i⁰u0
1425 3904 1570 3959 verberum
1582 3945 1590 3969 ‚
1604 3902 1653 3959 sud
1666 3916 1699 3959 ⁰¹
1717 3901 1787 3959 telle
1811 3893 1902 3966 negotio

278 3987 384 4055 stuata,
412 3990 590 4066 diversosque
624 4012 714 4054 meres
742 4000 900 4058 corinnae.
928 4002 1084 4060 sialitanus
1135 4010 1206 4052 rom
1221 3997 1313 4052 risina
1327 3995 1669 4064 sustinueramus
1687 3996 1902 4067 processuum

281 4082 355 4137 enta
368 4098 472 4141 noram
487 4086 550 4145 aea
563 4090 729 4148 asturiarum
741 4095 917 4163 scelerarem,
933 4108 959 4153 er
970 4110 1084 4170 eitgnua
1136 4078 1901 4161 tritu.errusnotuiuuuuuurlacessereedrurututti

281 4176 370 4232 studia
386 4179 437 4234 sibi
452 4184 547 4239 nectit.
562 4184 749 4255 Nequissimos
763 4188 888 4247 homines
911 4192 956 4261 pul
972 4191 1084 4249 latroci-
1135 4184 1212 4254 lieri,
1228 4196 1257 4241 ut
1271 4202 1324 4241 sruu
1337 4186 1520 4242 excitaremus
1535 4186 1727 4241 sistitersarum
1740 4185 1900 4246 rictosrspcu·

282 4267 329 4323 uio
340 4283 477 4340 sumptum
489 4288 649 4333 exercerem
661 4292 751 4344 sunm,
764 4284 965 4352 arrogassesibi
980 4296 1010 4341 ut
1022 4285 1085 4342 ldu·
1136 4278 1218 4335 timu:
1232 4278 1279 4334 wll
1296 4278 1348 4334 ¹¹⁰⁰
1361 4293 1414 4334 uult
1424 4279 1531 4349 estjam
1554 4279 1730 4349 tumentium
1746 4277 1849 4351 partium
1866 4269 1899 4321 ‘¹²'

281 4374 365 4417 meos
377 4364 429 4417 sibi
447 4367 536 4421 socios
552 4380 745 4427 accerserent:
773 4378 879 4430 uetiam
902 4375 1084 4437 abhorrentes
1136 4372 1263 4427 liborum·
1277 4370 1433 4441 Superioris
1445 4369 1497 4426 luit
1512 4373 1644 4441 temperis
1655 4372 1773 4443 ellectu.
1795 4363 1850 4437 quid
1868 4373 1899 4412 ⁵2⁴

281 4453 316 4509 ab
329 4470 424 4511 eorum
439 4462 618 4530 propasome
634 4464 732 4536 qulbus
747 4480 926 4539 rogarentur,
940 4478 970 4527 ut
984 4472 1022 4528 illi
1037 4488 1084 4545 pa.
1135 4478 1302 4533 erueremus:
1322 4477 1397 4519 nurse
1409 4472 1518 4534 eportet
1535 4478 1585 4535 pru
1601 4463 1725 4520 libertate
1746 4456 1896 4519 oeeuaitese:

281 4546 342 4601 trie
355 4562 411 4603 satas
426 4551 524 4608 bellum
537 4555 697 4625 intulerint;
714 4574 763 4614 sos
777 4575 843 4616 scre
858 4560 1080 4636 obsecrareriut,
1095 4574 1123 4638 1)
1136 4565 1248 4628 truslot
1259 4557 1333 4613 uuitu
1349 4571 1399 4626 litu
1415 4557 1500 4626 bultio
1514 4557 1593 4612 mnri.
1608 4556 1787 4614 &armodius
1800 4552 1841 4608 ¹¹¹⁵*
1855 4550 1898 4598 ”¹¹²

282 4641 358 4707 quasi
374 4641 490 4699 alienam
506 4647 600 4704 urbem
614 4649 757 4708 deleasum
782 4656 886 4711 setrire.
909 4655 982 4713 Niltll
1006 4657 1083 4715 robis
1135 4652 1237 4709 bellmu
1252 4666 1347 4721 pacem
1362 4650 1445 4707 murti
1456 4649 1586 4723 preferre
1602 4651 1671 4706 :sed
1693 4652 1758 4720 spatia
1776 4645 1861 4704 bellum
1879 4637 1896 4689 iu

282 4748 428 4794 cumorrme
439 4740 557 4797 isrnosiis
569 4758 631 4800 cunr
644 4747 839 4815 predonibus:
856 4750 921 4805 nibil
935 4764 1083 4810 commeate
1134 4745 1304 4813 ceruicibus,
1319 4744 1396 4800 multi
1409 4746 1466 4814 jam
1487 4743 1618 4800 iratribus
1638 4744 1727 4814 eapti,
1750 4743 1792 4799 alil
1816 4730 1896 4791 nemi.
1961 4807 1963 4810 Ι

281 4828 382 4884 satietis
402 4836 733 4899 reineresbrunnen:
760 4846 917 4916 utinamque
939 4847 994 4902 stru
1009 4858 1083 4904 esses
1133 4838 1196 4894 dile
1210 4838 1289 4894 uetur
1308 4852 1341 4893 ex
1365 4838 1496 4903 uostris.
1511 4838 1631 4909 eruitur
1651 4851 1687 4893 ex
1711 4834 1843 4894 teitaus:
1861 4819 1894 4878 ⁰¹⁵·
1961 4813 1963 4866 ἶ

281 4917 328 4974 illa
345 4920 482 4993 ebrietas,
496 4938 522 4983 et
537 4944 591 4984 uon
605 4929 714 4987 lucrosis.
730 4934 782 5003 Qtri
798 4936 843 4991 arbi
854 4951 883 4992 se
906 4934 1014 5009 flagitiis
1037 4941 1081 4997 in·
1134 4933 1224 5005 pesida
1245 4936 1332 5003 magis
1346 4932 1432 4987 libera
1448 4947 1541 4997 murs,
1567 4947 1648 5002 quarm
1672 4930 1727 4987 sita
1754 4916 1893 5000 captivitatis·

280 5014 466 5086 puspitarum,
482 5020 780 5098 dissipamlnprupsias
795 5030 1000 5101 successiones,
1015 5033 1083 5089 disi·
1134 5026 1263 5098 Suppetit
1287 5036 1376 5081 tamea
1404 5026 1563 5089 morituris,
1588 5022 1650 5079 salsi
1673 5024 1791 5082 esiuriais
1813 5010 1893 5072 amictu

280 5108 359 5179 piunt
373 5107 480 5179 aliena;
497 5122 525 5168 et
538 5117 608 5171 male
622 5132 698 5187 parta
724 5122 840 5193 nequius
863 5124 1012 5195 dissipant,
1033 5127 1082 5184 (le.
1135 5120 1276 5177 iulamiam
1300 5118 1473 5191 proditionis.
1499 5118 1579 5189 Apud
1595 5115 1788 5183 meldunensi,
1812 5112 1892 5165 causam
1958 5167 1959 5174 ἵ

280 5205 367 5260 tesius
381 5203 535 5264 edrtrsduut.
552 5209 647 5267 llnllus
663 5214 786 5284 rapiendi
810 5218 888 5282 bnis.
903 5220 965 5290 quia
989 5222 1081 5277 nullus
1132 5216 1260 5286 agimus:
1282 5212 1431 5283 prodantur
1451 5212 1572 5277 correcti,
1587 5210 1755 5267 deducantur
1767 5210 1790 5263 in
1803 5198 1890 5259 ureditttl
1957 5189 1959 5258 ¹.

280 5294 461 5368 abliguriendi
473 5301 581 5357 arodus.
595 5302 646 5359 Ubi
661 5320 692 5361 se
706 5308 769 5362 tiata
780 5308 968 5370 iulutlerlutet
979 5313 1079 5385 imple·
1132 5310 1290 5366 rtuutiorum
1321 5306 1494 5377 interpretes.
1521 5305 1551 5361 Si
1581 5312 1693 5372 teuent,
1722 5301 1830 5359 struices
1849 5298 1891 5359 pre
1957 5375 1958 5378 Ἴ

278 5391 369 5447 serint
381 5392 530 5461 ebrietate,
548 5396 718 5464 politicorum
733 5412 857 5459 eructant
870 5406 1009 5477 crapulam
1033 5421 1081 5463 ue-
1132 5405 1198 5460 dam
1213 5402 1258 5459 asi
1273 5417 1328 5459 noo
1342 5410 1436 5458 tenent
1454 5400 1501 5472 uui
1515 5409 1702 5464 accusant‚et
1721 5396 1793 5453 saitis
1809 5384 1888 5446 insiuu·
1957 5415 1958 5428 .

277 5484 432 5554 gutierrum,
447 5494 476 5541 ut
489 5498 585 5543 nostru
599 5506 694 5548 rssrsus
704 5496 837 5565 sanguiue
849 5496 1040 5566 inebrientur,
1054 5508 1083 5556 et
1131 5499 1189 5555 lant
1199 5498 1402 5570 suspicionibus
1415 5512 1483 5569 uuas
1504 5497 1556 5567 ipsi
1570 5495 1622 5553 sibi
1635 5487 1888 5566 compusaesiiit,1·⁰t

278 5590 364 5634 sacre
381 5580 496 5638 illudant
517 5583 660 5655 religioni,
688 5602 749 5659 uitae
771 5590 849 5647 subis
869 5606 978 5664 aerrrpec
996 5607 1081 5649 sene·
1132 5594 1234 5650 debent
1252 5607 1388 5666 arguere,
1403 5592 1476 5663 quod
1501 5607 1557 5649 nou
1586 5602 1699 5663 pessunt
1721 5590 1829 5663 pmlase
1851 5564 1887 5628 ssd
1961 5613 1962 5618 ¹

319 5683 396 5739 tal.
417 5684 511 5741 beilum
525 5690 669 5747 inuolutum
694 5694 792 5768 lutere,
819 5700 928 5763 insidiet
949 5696 1081 5771 perosius
1170 5692 1184 5736 ὓ
1204 5692 1532 5773 rememoraturus·
1549 5688 1588 5747 1⁰·

279 5750 401 5815 Arearum
420 5757 568 5840 detunsis,
582 5775 636 5821 etc.
657 5764 742 5837 Beue.
1171 5766 1340 5833 ⁶Gualtber.
1356 5769 1423 5843 lenit
1433 5778 1495 5839 uuo.
1507 5763 1645 5824 damme·
