4075 6359
62 355 140 416 itii
513 351 651 414 htstctt.
673 355 718 412 ott
739 353 880 414 ttltcthtc
900 355 1039 414 ltthhtts.
1056 349 1158 414 hhttts
1176 349 1242 412 Lis.
1263 350 1296 410 V.
1650 348 1723 409 bibi

63 473 128 530 sitis
153 465 288 542 prolec‘ti,
309 470 445 542 quomodo
467 479 560 543 patros
585 472 668 529 vestri
692 471 784 528 hostes
803 486 867 528 suos
881 479 906 534 Α
921 473 1047 545 putabiles
1063 472 1191 530 hiericho
1210 471 1286 527 urbis
1307 485 1402 528 moros
1422 472 1545 538 rideret,
1566 469 1725 526 sacerdotis

65 563 194 621 uicerint.
211 563 380 632 Tcrnsrarii,
395 579 477 636 quem
492 563 732 634 sohisadjutorem
753 564 870 635 eripuis·
921 567 1000 622 turha
1023 579 1124 622 misere
1145 565 1246 636 jussit,
1268 563 1388 636 liihllare
1410 565 1560 637 populoru:
1582 579 1637 634 nuo
1656 563 1730 618 iacto

65 657 123 726 tis,
136 656 612 729 dumalieossubsiditdeposoitisl
625 656 684 714 Non
698 658 726 713 in
748 658 871 714 multitu·
899 641 903 648 ’
921 669 1037 728 repente
1049 657 1178 714 cecidere
1193 657 1266 712 muri
1281 668 1365 727 atnoe
1386 667 1481 712 crusta
1504 656 1602 712 civitas
1622 662 1680 721 est,
1701 663 1730 710 et

64 751 133 808 dine
149 752 263 824 populi,
289 751 338 808 sed
362 751 389 808 in
413 751 510 808 timore
532 751 579 810 hei
595 760 609 790 ⁸
634 760 712 822 pater
734 751 871 812 Abrohom
921 765 1018 809 omncs
1031 753 1122 808 necati
1135 761 1217 818 snut,
1232 750 1286 806 nisi
1300 766 1372 821 nuos
1385 750 1561 808 liahabhcnrc
1575 748 1731 807 meretricis

67 845 402 918 penetrauitAEgyptum;
420 858 447 902 et
460 861 522 902 curn
534 845 659 902 abducta
671 845 871 916 costjuplseap·
922 842 991 899 iides
1012 857 1028 898 a
1052 852 1212 900 memorate
1231 843 1310 898 urhis
1333 844 1442 900 escidin
1462 843 1594 900 defendit.
1617 843 1729 900 cheon

68 942 153 996 rivam
180 939 286 996 rideret
306 939 486 1009 pudicitiam,
511 939 586 996 bello
610 949 701 995 tumen
721 938 871 1005 abstinuit,
922 952 1033 1009 unoque
1045 948 1185 995 trecentos
1197 938 1271 994 siros
1283 937 1317 994 ad
1332 939 1434 996 bellum
1448 939 1550 1011 elegit,
1564 937 1730 1008 eosdemque

66 1031 219 1103 assumpsit
235 1035 285 1102 piae
299 1033 434 1089 orationis
448 1045 536 1094 arms.
548 1030 721 1088 defensorem
736 1030 873 1096 adhibuit,
925 1047 979 1086 non
991 1048 1066 1088 arms
1080 1033 1221 1104 prolerre,
1236 1031 1284 1088 sed
1297 1034 1427 1105 mysteria
1441 1031 1591 1104 praesepiis
1606 1032 1633 1088 in
1648 1045 1729 1087 manu

67 1127 117 1197 niti
143 1126 298 1184 dormiente
323 1142 357 1184 eo
386 1128 525 1195 vinceret,
555 1137 582 1184 et
616 1135 773 1199 expugnato
794 1125 874 1184 hosts
925 1121 994 1178 lmus
1007 1122 1120 1197 hydrias
1133 1139 1202 1196 aqua
1218 1123 1313 1194 plenas
1328 1136 1441 1190 tenere,
1457 1125 1485 1179 in
1498 1123 1612 1180 destera
1626 1121 1725 1179 laces:

68 1219 258 1278 intaminatam
293 1219 344 1277 sibi
379 1219 524 1292 coiijugem
560 1228 782 1288 representem.
820 1217 875 1274 lie·
923 1231 976 1287 pua
997 1219 1093 1290 specie
1111 1219 1231 1287 perculsi
1249 1217 1345 1275 hostes
1365 1219 1459 1292 htgere
1479 1218 1574 1286 illico,
1589 1228 1673 1290 atque
1694 1218 1730 1274 ad

66 1315 111 1370 dit
124 1314 191 1372 Sara
206 1318 266 1372 sine
279 1303 382 1382 trusis,
398 1311 521 1370 reterens
534 1313 596 1370 rirn
609 1311 800 1385 triumphalem
816 1314 874 1369 rie·
926 1308 1057 1366 Hebraea
1076 1309 1190 1366 missia
1217 1312 1351 1380 pertenit.
1380 1311 1538 1368 intermissa
1560 1320 1620 1367 erat
1643 1325 1730 1368 sacras

69 1409 181 1465 toriom.
204 1405 360 1464 [lormiobat
379 1405 537 1470 sunnam,
560 1415 587 1462 ct
607 1405 786 1476 torquebatur
805 1404 876 1461 Pisa-
926 1416 991 1458 cura
1010 1401 1153 1474 rdigiurds
1172 1402 1232 1458 lleli
1254 1403 1406 1461 sacerdotis
1427 1404 1612 1476 umbrantia,
1638 1403 1732 1458 diuina

67 1513 129 1556 rao.
159 1499 297 1558 bietiiclstt
323 1497 413 1565 Sara,
441 1507 467 1554 et
491 1495 598 1554 Pharao
620 1495 723 1554 crirtteh
748 1497 873 1569 herebat.
928 1495 1044 1566 imperis
1067 1507 1080 1536 ⁰
1100 1496 1323 1554 mebriatur:
1348 1497 1500 1570 irrogatum
1521 1500 1557 1555 sb
1580 1498 1734 1572 hilopbylis

69 1591 206 1663 Eiiclebat
228 1591 363 1658 alienam,
385 1599 414 1648 et
435 1588 566 1646 damnato
584 1588 701 1646 crimine
723 1587 877 1646 honorabat
928 1588 1069 1660 pralium,
1086 1589 1154 1646 victi
1172 1589 1297 1656 hebrei,
1314 1601 1393 1660 snpra
1408 1591 1491 1646 eitam
1515 1605 1578 1646 trra
1600 1591 1651 1647 liri
1671 1602 1734 1659 est,

69 1683 280 1750 castimoniam,
297 1697 378 1754 qnam
392 1681 513 1752 spoliare
527 1679 742 1738 desiderauerat.
759 1679 877 1736 Additur
928 1689 956 1738 et
970 1683 1031 1738 sine
1043 1683 1130 1738 arniis
1142 1681 1248 1738 reddita
1261 1682 1337 1738 illis:
1351 1698 1407 1754 qno
1420 1683 1523 1739 indicio
1536 1684 1647 1750 claruit,
1663 1683 1735 1754 qisod

70 1793 169 1835 attritis
191 1785 218 1834 et
236 1783 380 1847 argentum
394 1773 429 1830 ad
443 1773 523 1831 Sarte
536 1771 686 1846 pudorem,
702 1779 732 1830 at
745 1773 876 1830 conlem-
928 1781 958 1832 st
977 1775 1038 1831 sins
1058 1776 1192 1847 sdigiom
1216 1791 1294 1832 arma
1309 1791 1364 1832 non
1384 1776 1552 1848 rlniesnt,jet
1572 1775 1735 1848 religionem

70 1883 151 1930 staret
171 1871 339 1933 roiunutero
361 1869 490 1928 iocinoris
510 1873 662 1938 expertem.
688 1867 810 1938 {locabat
830 1883 878 1937 pa·
892 1867 916 1930 lt
930 1869 1085 1926 sinearsiis
1096 1871 1217 1929 sinisera.
1229 1871 1362 1929 lisechias
1375 1887 1441 1940 res,
1457 1872 1550 1928 inluso
1560 1873 1736 1946 Assyriorum

71 1977 144 2022 trum
170 1959 325 2040 Abraham,
351 1970 381 2023 ut
405 1977 455 2034 pru
477 1977 527 2018 sua
548 1962 582 2020 ad
608 1960 751 2018 horminum
773 1959 876 2016 familia
929 1961 1032 2034 populo
1051 1967 1128 2033 penti
1148 1963 1270 2030 isdaere,
1287 1979 1354 2020 cuns
1374 1979 1441 2022 socc
1464 1965 1599 2021 lisbsacls
1618 1965 1735 2037 irnperio

69 2059 281 2134 deprecaretur.
297 2057 365 2114 Erat
378 2059 452 2114 coins
467 2054 613 2112 iniucunda
627 2053 726 2110 domus
740 2052 810 2124 ejas
824 2051 878 2108 ile-
929 2053 1120 2112 &nisacberib
1133 2057 1225 2128 repis,
1240 2072 1302 2129 qun
1317 2057 1348 2113 ln
1360 2057 1446 2114 beorn
1465 2058 1625 2130 jacerentur
1639 2058 1733 2115 coniri·

70 2160 148 2205 metit
170 2149 236 2206 Sara
260 2147 343 2206 ditior
363 2148 439 2204 salso
458 2147 580 2220 pudore:
596 2143 715 2202 reuertit
736 2143 876 2200 butham
929 2145 990 2214 ria,
1003 2161 1065 2216 qun
1078 2149 1283 2220 popolo,quans
1298 2165 1428 2219 supressa
1439 2151 1524 2207 eritis
1538 2150 1736 2208 denuntiaren-

70 2242 205 2310 sanctior,
230 2239 276 2312 nn
297 2239 447 2312 conjugalis
469 2238 607 2310 pudicitie
627 2238 878 2296 rerrsuneraticncm
929 2244 985 2306 tur,
1007 2238 1076 2296 satis
1099 2241 1298 2312 conperisset:
1322 2241 1544 2312 insinuantibus,
1571 2260 1626 2300 non
1651 2244 1737 2301 rerba

70 2335 229 2394 sterilitatis
253 2334 375 2392 remedio
399 2332 643 2404 compensavisset.
665 2331 735 2402 Quid
762 2329 798 2388 de
823 2332 879 2388 lilio
929 2331 1038 2398 sorbis,
1053 2347 1104 2389 nse
1115 2348 1192 2389 arma
1206 2335 1290 2390 armis
1305 2333 1451 2392 referenda
1464 2337 1603 2393 credidit:
1620 2338 1670 2394 sed
1685 2349 1734 2394 et-

70 2430 134 2502 ejus
153 2429 227 2486 isaac
247 2428 360 2502 loquar?
376 2411 401 2484 is
414 2441 523 2500 quoque
539 2425 626 2498 patrio
641 2424 728 2484 fretus
749 2425 878 2482 ntunimi·
930 2435 1062 2495 turrem,
1077 2426 1169 2482 silicio
1181 2439 1212 2483 se
1225 2432 1256 2483 ot
1266 2437 1346 2484 sento
1358 2427 1448 2484 induit
1461 2445 1468 2482 r
1483 2443 1532 2500 prs
1545 2430 1625 2501 pales
1638 2431 1736 2488 einero

71 2539 127 2590 tte,
143 2523 275 2578 adsersus
289 2519 396 2578 finitimi
413 2520 534 2592 potantis
551 2519 746 2588 insolentiam,
763 2534 818 2575 riou
832 2533 878 2576 ar·
930 2522 1013 2587 caput
1026 2516 1114 2574 texit:
1129 2531 1180 2589 pro
1191 2519 1290 2590 iaculis
1305 2520 1461 2577 orationem
1482 2523 1603 2579 intorsit.
1631 2522 1738 2580 Assert-

76 2625 167 2672 matas
190 2604 321 2686 produxit
344 2614 439 2670 acics:
465 2621 493 2668 ct
518 2621 593 2673 certe
617 2612 738 2670 hahebat
762 2627 880 2668 cccsrru
931 2608 972 2665 dit
996 2611 1106 2679 oratio,
1132 2609 1279 2670 descendit
1298 2613 1433 2686 Angeias,
1457 2629 1529 2670 causa
1551 2627 1737 2686 pernoctem

72 2709 284 2766 vernaculorum
304 2708 422 2764 validam
444 2723 574 2777 manum,
591 2724 651 2779 apua
665 2722 747 2780 reges
759 2708 881 2780 quinnuc
931 2701 1107 2775 Assyriorum
1121 2718 1230 2761 cusu
1246 2705 1333 2761 oriliit
1352 2706 1488 2762 cadauera
1507 2710 1734 2777 numerarimosr

73 2802 151 2860 bello
175 2813 371 2876 superauerat,
395 2802 489 2875 spoliis
512 2810 643 2870 exuerat,
668 2801 805 2872 captiuum
831 2801 883 2858 Lot
933 2809 1123 2866 percussorem
1137 2811 1194 2852 non
1209 2796 1336 2853 vidimus.
1354 2797 1548 2854 Proterierani
1563 2798 1598 2854 de
1614 2799 1740 2871 nriinnne

73 2895 195 2952 Abrahae
223 2905 320 2966 patruo
347 2892 516 2952 restituerat.
544 2892 605 2950 lion
632 2891 753 2964 gladium
782 2891 882 2966 uagina
932 2888 1062 2960 roribus,
1085 2905 1154 2960 nuos
1164 2891 1321 2948 &nisolta
1342 2891 1462 2948 bornino
1479 2892 1582 2950 bellom
1602 2893 1738 2966 adorsos,

74 2990 173 3056 exuit,
198 2985 247 3046 scd
272 2991 360 3046 solam
380 2986 524 3046 aduersum
546 2987 699 3046 inridentes
721 2985 883 3058 patientiam
933 2997 982 3053 por
1002 2983 1144 3040 dantum
1167 2995 1313 3055 mantes,
1337 3001 1417 3058 aquas
1440 2987 1534 3061 inopia
1557 2989 1741 3047 rebe-enter

75 3083 182 3152 induit,
206 3081 408 3154 simplicitatem
432 3082 547 3138 rehtlit:
574 3089 710 3138 terserunt
734 3088 882 3152 rogantes,
933 3075 1066 3132 alhiotars
1085 3087 1225 3147 caperat,
1249 3079 1379 3151 ipsosnss
1399 3091 1429 3138 et
1450 3095 1538 3154 meos
1559 3099 1656 3142 earnm
1678 3085 1741 3144 sitis

76 3175 124 3248 qni
152 3173 389 3232 exterminandum
417 3173 670 3232 densantiaremnt:
701 3180 884 3244 poposcerunt
934 3182 1045 3226 tenore.
1064 3169 1221 3227 Necessitas
1238 3175 1456 3243 praetermissum
1474 3173 1596 3232 olbeiom
1616 3176 1742 3248 reparari

77 3268 227 3324 amicitiam
246 3311 253 3336 ,
279 3269 325 3338 qui
350 3267 495 3325 linitimum
523 3281 577 3325 uon
604 3265 740 3324 terebant.
765 3266 882 3325 Corine-
895 3261 918 3324 C
934 3263 1036 3333 coepit.
1049 3263 1117 3320 Erat
1128 3264 1204 3320 enim
1216 3279 1266 3322 rer
1276 3265 1362 3323 lsrael
1374 3267 1517 3339 treptipens
1529 3269 1603 3326 circa
1618 3270 1666 3326 liei
1681 3270 1743 3327 cul·

78 3363 167 3418 hiisco
182 3371 255 3416 tarius
273 3371 378 3432 patrum
391 3375 536 3418 recensere
550 3360 684 3416 mirabilia
697 3377 704 3414 :
718 3358 804 3416 iacob
817 3373 882 3414 san-
934 3363 993 3412 tuin
1006 3373 1014 3412 r
1029 3357 1187 3414 sdntooitos
1200 3367 1292 3414 tamen
1306 3359 1340 3417 als
1353 3361 1434 3428 atis,
1449 3369 1481 3417 ut
1494 3362 1605 3419 bomini
1622 3366 1742 3434 prophe·

78 3464 159 3520 ctus,
187 3453 259 3510 Esau
283 3450 365 3510 fratre
393 3451 568 3524 parricidium
592 3449 734 3508 minitante
761 3451 877 3522 patriam
934 3456 988 3504 tattt
1014 3451 1190 3522 ronsimrets
1212 3453 1341 3524 monuit
1363 3455 1509 3524 Elissam,
1535 3455 1572 3511 sb
1592 3457 1688 3513 iisdem
1711 3456 1742 3514 in

81 3546 212 3618 reliquit,
229 3555 355 3617 parentes
370 3546 509 3612 deseruit,
530 3546 616 3602 solius
635 3559 726 3604 secum
748 3544 883 3603 orationis
935 3541 1036 3612 nribus
1055 3543 1187 3616 deperent
1207 3545 1295 3613 locis,
1318 3562 1373 3602 non
1396 3529 1476 3620 lotape
1496 3547 1614 3606 aboese:
1637 3554 1740 3608 misere

81 3640 176 3696 serens
196 3640 343 3706 uiaticum3
360 3639 515 3712 meritoque
528 3635 555 3695 in
572 3639 723 3712 peregrinis
739 3639 808 3696 locis
821 3654 885 3696 cum
936 3645 1043 3694 oratum
1065 3637 1198 3692 auxilium
1213 3639 1363 3706 erationis,
1385 3650 1412 3695 et
1425 3641 1549 3697 remedia
1569 3645 1741 3701 serenitati.

83 3731 176 3787 iratris
192 3741 327 3788 metueret
342 3729 476 3798 insidias,
492 3739 519 3786 et
534 3732 674 3788 hominnm
689 3733 821 3791 comitatu
841 3743 885 3786 at·
937 3729 1013 3788 Licet
1036 3731 1157 3789 odensus
1179 3742 1239 3790 erat
1257 3734 1316 3806 regi
1335 3735 1439 3802 lsrael,
1460 3737 1522 3809 quia
1546 3737 1667 3808 pertidus
1685 3755 1746 3799 nors

84 3840 139 3894 qne
154 3823 256 3879 auxilio
271 3834 383 3896 egeret,
398 3823 501 3879 inuenit
514 3821 680 3894 hirgclorum
695 3824 709 3864 l
724 3825 885 3882 cnos'diunr:
938 3824 1083 3889 credebat,
1097 3826 1224 3896 promisit
1238 3835 1330 3884 tarsen
1341 3837 1370 3884 et
1383 3830 1536 3887 dietatem
1550 3843 1700 3902 equarum,
1715 3846 1745 3894 et

86 3917 234 3990 perductus
259 3917 310 3990 (ut
322 3915 380 3989 ait>
403 3915 436 3972 ad
463 3927 550 3972 rastra
567 3915 633 3982 liei,
659 3917 824 3976 colluctatus
846 3925 889 3976 est
939 3918 1060 3976 victoria
1079 3919 1259 3977 celeritatem.
1273 3921 1384 3978 Manere
1397 3923 1480 3994 cmpit
1493 3935 1564 3994 ansa
1579 3939 1630 3996 per
1648 3928 1747 3985 desm-

87 4009 223 4065 Domino:
239 4017 267 4064 et
288 4007 359 4066 sicin
377 4005 445 4064 dicit
458 4006 598 4078 Scriptura
615 4027 623 4063 z
644 4007 791 4066 Praevaluit
811 4011 888 4079 boo,
939 4019 1014 4076 trini,
1026 4017 1055 4066 et
1064 4021 1163 4081 sponte
1175 4026 1206 4069 ss
1217 4015 1277 4069 siae
1287 4013 1351 4071 ullis
1363 4015 1498 4072 imbribus
1506 4015 1652 4075 infundere
1662 4021 1746 4078 terrie

87 4099 134 4172 qui
149 4101 280 4171 imparem
296 4115 326 4157 se
338 4097 496 4158 boniinibus
509 4097 692 4154 arbitrabatur
706 4095 782 4170 (Gen.
796 4116 889 4168 unxit,
941 4107 1053 4164 brenta.
1070 4106 1219 4178 singemes
1231 4107 1398 4178 adversarii,
1412 4127 1481 4183 quos
1492 4128 1609 4171 securos
1622 4116 1747 4173 uictorias

87 4193 149 4266 28).
162 4195 232 4263 Quid
245 4193 319 4252 aliud
333 4193 421 4252 iloses
433 4193 578 4250 adversum
594 4208 686 4264 regem
698 4189 890 4268 AEpypticrum
941 4215 1055 4259 sorrsiius
1066 4201 1176 4258 uberior
1186 4202 1275 4259 laxata
1290 4213 1429 4274 presserat
1437 4204 1637 4276 sollieitudine,
1652 4209 1750 4266 subito

90 4291 295 4363 exercitumque
314 4299 342 4346 et
360 4289 495 4346 dracones
514 4285 592 4360 ejus,
613 4287 667 4344 triti
685 4288 773 4355 solam
788 4289 890 4362 uirgam
943 4295 1038 4352 ridere
1048 4295 1107 4353 sule
1120 4295 1182 4351 iuso
1194 4295 1308 4354 rutilare
1320 4313 1420 4368 annm:
1434 4297 1546 4356 merum
1558 4301 1604 4368 sni
1618 4300 1692 4357 inter
1702 4315 1749 4358 rc·

92 4381 462 4454 loraritiOpntensrirgn,
479 4397 540 4455 quse
553 4379 652 4438 coelutu
670 4379 791 4440 tenebris
804 4382 892 4441 obdu·
943 4403 1007 4461 pum
1029 4389 1144 4460 populos
1162 4390 1297 4446 bellatum
1313 4402 1459 4461 potarent,
1477 4409 1596 4464 quorum
1614 4397 1749 4467 sangnine

93 4476 179 4544 serit,
193 4483 291 4532 terrant
305 4469 436 4532 imbribus
450 4471 640 4542 inundaverit,
654 4473 799 4532 siccaverit
811 4467 908 4532 maris
946 4489 1017 4538 terra
1034 4481 1167 4539 orsdmt.
1183 4481 1277 4554 inque
1290 4484 1318 4539 in
1333 4485 1453 4556 piatam
1468 4485 1632 4544 testinantes
1644 4491 1752 4561 passim·

94 4569 210 4624 sshctus!
226 4567 375 4625 (linxerant
388 4565 519 4624 hebraeos
537 4565 677 4642 AEgypiii,
693 4563 792 4624 orbitat
806 4551 894 4624 bisses
946 4575 1006 4634 sinn
1019 4577 1129 4646 ordine,
1144 4580 1206 4634 sino
1219 4579 1302 4635 mods
1313 4593 1441 4648 currem,
1455 4581 1526 4637 alium
1539 4581 1624 4638 alium
1641 4596 1748 4653 rimie·

95 4671 123 4719 et
142 4677 194 4718 non
214 4659 384 4718 dimicabat:
405 4661 524 4718 divisum
544 4674 588 4719 est
609 4678 707 4737 mare,
727 4672 755 4722 ct
775 4659 1024 4737 poputusbnha,
1043 4672 1084 4727 sie
1104 4671 1262 4742 praecipites
1275 4672 1306 4727 is
1324 4672 1445 4728 medium
1467 4676 1605 4746 progressi
1627 4676 1750 4735 hostiurn

97 4757 222 4820 intravit.
239 4755 403 4827 scqitcbatur
416 4753 536 4812 Pharao.
545 4753 632 4814 lloses
644 4755 717 4817 inter
732 4749 833 4814 hircius
849 4773 898 4829 pc·
949 4765 1060 4831 raheri,
1074 4763 1267 4835 tantisatque
1278 4766 1415 4837 inurentem
1427 4768 1489 4825 sois
1498 4779 1620 4840 strspcm
1633 4770 1755 4829 dedere:

97 4849 165 4906 situs
179 4845 294 4904 orabat:
311 4847 453 4903 deritersus
468 4855 510 4906 cst
525 4862 586 4904 curn
601 4850 658 4906 suis
672 4848 790 4914 Pharao,
806 4860 899 4908 conh—
950 4859 986 4915 ita
1002 4855 1017 4898 t
1033 4863 1158 4916 hortatus
1175 4859 1309 4932 propbeta
1323 4877 1338 4916 a
1352 4862 1479 4932 patribus
1495 4863 1600 4921 nostris
1615 4867 1690 4922 sirim
1705 4880 1753 4938 prr.

99 4945 145 5000 hat
164 4943 254 5000 Motis
274 4939 383 5014 (deod.
399 4957 446 5008 rr,
460 4941 478 4997 l
491 4943 511 5016 ).
528 4942 595 5012 Quis
607 4941 666 5000 haec
682 4953 709 5001 ct
726 4943 791 5005 talia
805 4946 898 5002 conisi·
950 4953 1017 5009 riter
1034 4961 1062 5009 et
1080 4963 1184 5009 metum
1204 4953 1329 5025 depulit,
1350 4953 1479 5027 Memnon
1498 4955 1633 5015 adimens
1651 4957 1757 5017 tamem

100 5035 197 5093 demus
217 5046 271 5091 nori
287 5033 448 5101 admiretur,
464 5045 491 5091 et
507 5048 560 5089 non
577 5034 711 5108 intelligat
726 5036 752 5090 in
773 5039 900 5098 oratione
950 5046 1081 5102 sutilium
1094 5045 1169 5102 tulit.
1183 5045 1251 5103 Nam
1263 5061 1325 5104 enm
1339 5047 1513 5106 obsideretur
1523 5050 1656 5118 samona
1671 5062 1755 5124 atqua

102 5129 180 5186 nohis
193 5126 305 5185 meliora
320 5143 382 5185 esse
395 5143 469 5183 arina
486 5143 567 5200 quam
583 5129 610 5186 in
624 5127 748 5186 uirtute?
764 5129 810 5186 illa
827 5130 900 5188 enim
955 5135 984 5192 in
997 5151 1029 5193 sa
1041 5137 1151 5194 musas
1165 5129 1287 5195 maneret
1299 5153 1348 5195 res
1359 5137 1462 5208 tirso,
1476 5143 1567 5212 pranis
1578 5157 1627 5199 eos
1641 5145 1759 5215 argehse

103 5222 152 5280 sihi
172 5221 293 5278 diuinum
313 5219 445 5278 auxilinm
466 5219 596 5288 adhibet,
621 5221 680 5278 inec
699 5221 832 5293 corporis.
857 5221 903 5279 [ll-
956 5225 1441 5304 imiutneaodandispnidem
1454 5233 1758 5292 mntmnmrtiim.
1814 5249 1817 5257 ·

104 5317 169 5373 dicit
183 5317 242 5372 huic
254 5324 331 5371 amhn
347 5329 408 5388 quiae
428 5327 482 5370 non
502 5313 626 5370 'carnalia
647 5323 729 5382 suot,
749 5313 799 5372 sed
819 5314 903 5372 tortia
958 5327 1018 5376 tur:
1032 5333 1182 5379 marcatas
1193 5325 1423 5395 prophetatam
1436 5327 1558 5385 miserta
1568 5327 1754 5396 driorstitath,

105 5411 159 5468 bec
178 5409 260 5466 lictis
282 5407 436 5479 discipulus
456 5409 537 5477 itque
560 5404 632 5460 idem
656 5421 800 5464 successor
822 5402 904 5464 iesus
958 5413 1095 5487 simulam
1113 5419 1186 5489 rapis
1204 5420 1301 5476 nonno
1318 5421 1368 5492 qni
1385 5430 1502 5492 pmsres
1516 5421 1656 5494 prophta
1674 5421 1760 5478 diuis

40 5569 42 5586 3
107 5503 193 5571 Nare,
217 5503 265 5576 qui
290 5504 413 5560 imitator
437 5511 466 5558 et
489 5517 593 5574 suppar
618 5503 904 5573 augustinianorum
959 5509 1223 5570 motationeiameni
1243 5516 1411 5583 adolevisse.
1437 5518 1603 5590 respondit:
1624 5517 1755 5588 Sequenti

108 5614 188 5672 aquas
208 5598 344 5654 consortii
362 5603 536 5653 retrorsum:
557 5595 690 5665 idctnntts
705 5612 769 5656 cun
787 5599 905 5668 ἰωμ-
957 5601 1016 5672 die,
1030 5614 1059 5662 ot
1072 5607 1226 5665 ubertatem
1251 5609 1400 5681 humenti,
1414 5623 1443 5668 et
1459 5624 1471 5652 ⁸
1486 5613 1634 5680 unbtdtcn
1649 5612 1757 5677 ridebis

42 5741 43 5748 ,
143 5690 258 5752 t(listins
272 5687 501 5760 recisum·
517 5687 602 5744 Dm·
991 5697 1143 5763 isaacius.
1160 5699 1199 5760 th.

43 5835 46 5889 Ι

45 6040 46 6089 l

46 6173 49 6234 l

42 5751 45 5814 l
143 5761 156 5802 b
171 5760 276 5817 hallam
291 5759 444 5827 cointium,
456 5758 483 5814 id
494 5764 787 5832 estcmtntttmpmem,
800 5765 857 5830 tum
869 5777 905 5817 cx
997 5781 1008 5812 c
1026 5775 1167 5832 thimiun.
1183 5775 1229 5832 Sic
1242 5782 1271 5832 et
1282 5776 1363 5844 paulo
1376 5763 1442 5862 posi,
1451 5774 1505 5853 ῐθς.
1522 5769 1760 5844 nutabundum

111 5848 183 5890 sacra
198 5831 327 5893 historia,
343 5839 397 5884 tum
410 5845 443 5885 es
459 5831 578 5887 natatis
590 5836 729 5888 monitu.
745 5831 885 5892 brutino.
959 5853 1035 5902 ianm
1051 5848 1163 5912 amn,
1179 5847 1264 5902 „rrum
1280 5847 1357 5918 prim
1377 5847 1501 5920 mrem,
1518 5848 1557 5905 pp,

44 5905 46 5934 ²
146 5897 384 5969 sbiffcrslcntsr.
406 5899 491 5957 bans.
