4075 6359
286 341 361 402 illd
948 337 1073 398 saltent
1091 335 1257 396 bbendstt
1869 339 1927 398 tttt

287 456 460 531 irruptionis.
485 457 531 516 Sio
553 457 663 515 sedatus
688 470 791 528 paror,
805 452 993 528 expugnandae
1015 453 1091 511 urbis
1102 456 1129 519 A
1142 453 1271 510 rirtmeru
1287 451 1414 510 addebat.
1426 453 1480 512 Par
1491 461 1584 512 tannen
1598 454 1753 528 imparibus
1764 453 1860 511 animis
1870 473 1930 512 mor-

289 552 445 610 subsidium
466 566 548 609 omne
561 553 588 607 in
608 549 712 608 viribus
735 550 866 607 locatum.
886 547 954 605 liant
975 561 1038 604 curn
1053 546 1094 602 al·
1144 548 1179 603 tis
1200 557 1390 620 contemptus:
1410 547 1512 605 iudeis
1539 548 1668 605 solatium
1695 549 1857 620 putabatur,
1880 565 1931 607 cna

292 645 399 702 tissima
413 659 552 701 murorum
567 653 677 710 essent,
692 650 721 700 et
735 643 865 715 pleraque
883 641 956 698 terro
971 647 1018 697 aut
1039 653 1094 696 tere
1144 640 1223 696 boste
1236 640 1379 698 commori.
1401 638 1480 698 litus
1495 640 1647 698 festinabat
1661 641 1802 698 conterre
1823 641 1932 712 bellun,

291 745 401 810 operta,
414 747 497 810 atque
516 736 574 808 ipsa
587 735 733 792 altitudine
753 735 848 792 lvostes
861 748 877 790 a
891 733 987 806 jaculis
1000 730 1095 789 deien-
1144 733 1192 790 sed
1209 734 1270 790 sine
1291 749 1403 790 suorum
1423 735 1589 806 dispendio,
1605 735 1652 807 qui
1667 737 1754 792 etiarn
1768 735 1840 806 ipses
1854 734 1935 792 toste

291 831 442 900 derantur,
469 831 586 888 liumani
617 830 765 887 admovere
791 828 907 887 arietent
932 826 1093 896 machinas,
1144 829 1290 884 tentaturi
1306 837 1408 900 posset,
1424 843 1504 900 quarn
1527 829 1645 902 perdere
1660 826 1936 886 malmendrensis

293 938 409 996 quorum
437 923 491 980 ictu
516 922 651 994 frequenti
676 922 747 979 muri
761 931 775 960 ι
795 921 882 978 valida
906 920 1092 976 laxabantur:
1145 923 1273 980 monebat
1295 923 1429 991 militem,
1454 923 1506 979 nisi
1528 923 1657 980 consulto
1681 921 1840 979 bellanduna
1860 941 1868 976 ε
1885 937 1936 978 rau

292 1015 371 1073 inniti
393 1015 543 1072 levioribus
564 1015 675 1086 spiculis
691 1028 801 1086 empore
815 1023 844 1070 et
856 1013 975 1086 sagittis,
986 1020 1018 1068 ut
1033 1026 1096 1084 pro-
1143 1018 1230 1082 mlum
1244 1033 1306 1075 esse
1319 1033 1410 1074 verani
1432 1019 1572 1086 virtutem,
1583 1018 1628 1075 cui
1642 1021 1676 1074 sit
1696 1033 1793 1074 eomes
1806 1015 1938 1087 presiden-

291 1118 448 1182 pugnautes
470 1114 647 1175 averterent,
671 1107 869 1179 impedimenta
892 1105 1094 1178 prohibentium
1146 1111 1182 1166 tia
1199 1127 1207 1164 a
1224 1127 1285 1167 nam
1301 1111 1359 1166 sine
1374 1111 1490 1168 consilio
1505 1111 1695 1168 tortitudinem
1714 1109 1897 1166 temeritatem
1908 1110 1941 1163 ri·

291 1203 498 1275 detorquerent.
512 1201 558 1258 Sic
572 1201 703 1274 paulatim
726 1201 911 1274 quatientibus
936 1213 1032 1256 murus
1049 1214 1095 1256 ce-
1144 1205 1217 1272 deri,
1232 1219 1281 1261 nec
1296 1221 1409 1277 usquam
1422 1205 1507 1276 magis
1521 1204 1672 1261 cateridem
1685 1219 1767 1275 quarn
1782 1203 1811 1258 in
1826 1202 1938 1257 sictona.
1959 1227 1964 1239 ·

292 1295 376 1353 debat
391 1313 398 1350 τ
414 1295 487 1353 unde
512 1296 643 1365 ursionem
672 1297 761 1368 ipsurn
787 1297 921 1364 arietem,
943 1296 1095 1352 excisorem
1145 1299 1238 1356 Perire
1252 1300 1325 1355 enirn
1343 1315 1404 1356 cunr
1424 1299 1554 1356 interiore
1568 1299 1755 1370 superiorem,
1772 1297 1837 1353 riori
1856 1299 1940 1351 trium

293 1391 400 1450 urbium
412 1391 499 1448 iudei
512 1392 730 1464 appellauerunt.
741 1392 834 1449 Solum
849 1392 940 1462 itaque
953 1405 1095 1448 muromm
1145 1395 1216 1468 pbus
1239 1403 1290 1451 est.
1313 1394 1516 1451 Consulendum
1538 1396 1630 1465 itaque
1647 1409 1683 1450 ne
1698 1392 1828 1449 rideatur
1838 1400 1941 1447 esrutm

291 1495 379 1557 parte,
395 1485 568 1558 dereliquere
591 1485 678 1542 ludet
694 1483 766 1542 tauri
778 1485 865 1559 ipsius
879 1483 1094 1557 propugnacula,
1145 1488 1241 1558 luisse,
1257 1490 1330 1561 quod
1347 1491 1460 1558 vicerim
1476 1489 1611 1562 ignavie,
1626 1489 1702 1562 quod
1721 1488 1891 1545 consortium
1904 1502 1941 1556 pe

294 1581 396 1647 securi.
411 1579 485 1653 (Ιῦθᾶ
507 1579 576 1636 ‘¹⁰⁰³
591 1579 661 1636 ³¹f⁰⁸
674 1594 768 1638 'lilim‘
787 1579 930 1636 Ῑιῑῑθΐῑθῐθθ
952 1577 1093 1647 baberent,
1146 1585 1223 1642 riculi
1238 1599 1293 1641 non
1313 1587 1442 1642 evaserit.
1458 1582 1539 1642 lubet
1557 1585 1651 1654 itaque
1673 1585 1791 1641 arietem
1814 1582 1941 1639 admoscri

293 1683 322 1732 ct
343 1687 506 1732 concessere
528 1673 563 1730 ad
585 1689 691 1730 murum
711 1672 872 1731 secundum.
890 1671 946 1730 litis
970 1667 1097 1744 lugieuti·
1146 1680 1179 1736 ad
1192 1677 1311 1736 aredium
1325 1678 1396 1736 muri
1409 1679 1641 1751 septentrionalis.

291 1767 481 1836 bus,iiornani
493 1767 678 1840 ingredientes
692 1781 816 1838 percara
828 1767 909 1832 muri,
923 1775 1015 1838 portas
1030 1780 1097 1836 ape·
1389 1769 1402 1782 '
1442 1770 1557 1828 CAPUT
1576 1769 1649 1827 xlii.

291 1875 374 1918 ruere
389 1878 397 1916 a
414 1860 454 1916 sic
478 1859 652 1917 intromissus
664 1860 753 1918 onrrris
767 1859 912 1926 exercitus,
928 1873 999 1932 pene
1010 1858 1095 1916 diruit
1110 1855 1133 1920 B
1182 1864 1250 1922 Erat
1261 1866 1299 1923 tbi
1311 1863 1408 1922 carior
1420 1864 1534 1922 enitique
1545 1875 1574 1920 er
1583 1863 1618 1920 ad
1631 1862 1759 1920 trandent
1773 1874 1896 1936 paratus,
1905 1865 1942 1936 qni

293 1955 624 2024 nurunextertorenne
635 1953 1093 2024 bellantibusessetimpcdimento:
1145 1960 1244 2031 sugatis
1257 1960 1364 2016 cereris
1377 1973 1429 2032 per
1444 1959 1534 2031 iacula
1549 1958 1768 2030 sagittariorum,
1782 1973 1847 2014 cnm
1863 1958 1941 2013 aliis‘

275 2077 278 2082 ,
293 2057 341 2106 aut
355 2047 378 2105 si
394 2063 439 2106 res
452 2049 577 2107 adversm
589 2049 698 2116 iurent,
719 2050 867 2106 claustrum
882 2046 1093 2120 relegientibus.
1147 2067 1224 2110 aronae
1238 2052 1341 2109 frenatis
1353 2052 1434 2109 sociis
1447 2051 1642 2123 pretendebat.
1658 2051 1684 2106 ls
1695 2051 1742 2108 nbi
1752 2051 1871 2122 appulsu
1883 2049 1943 2106 arie

596 2143 711 2201 CAPUT
734 2143 793 2200 Xll.
1147 2149 1182 2204 tis
1196 2148 1292 2204 turrim
1312 2146 1414 2216 everti,
1431 2149 1538 2202 rutarum
1554 2143 1647 2202 labere
1661 2158 1694 2200 ac
1708 2143 1792 2200 facile
1806 2146 1943 2207 ruiturum,

333 2237 490 2296 Diviserunt
512 2239 566 2296 sibi
588 2237 648 2296 locu
670 2239 790 2298 lestines
803 2247 832 2295 et
845 2238 939 2297 Situun
961 2237 1096 2310 conjurati
1147 2241 1170 2296 si
1188 2239 1316 2297 tornrenti
1338 2239 1407 2296 ictus
1426 2246 1605 2311 repeteretur,
1625 2235 1842 2303 animadvertit,
1858 2251 1943 2292 maner

295 2332 369 2389 circu
384 2347 492 2388 murum
505 2333 665 2390 secuudum.
682 2332 802 2391 luarrnes
815 2349 878 2390 cunt
893 2335 949 2391 suis
964 2331 992 2390 in
1005 2343 1096 2390 castro
1147 2334 1264 2392 tendens
1271 2331 1382 2404 rogabat
1388 2333 1523 2388 caesarem
1535 2345 1602 2388 uoce
1610 2329 1773 2398 miserabili,
1785 2340 1817 2385 ut
1826 2329 1943 2400 periture

296 2424 340 2480 eoi
362 2439 460 2482 nomen
475 2424 606 2494 Antonia,
622 2421 817 2498 praeliabatur:
833 2427 859 2485 ei
874 2427 1098 2500 propinquasset
1146 2428 1207 2485 urbi
1212 2428 1268 2500 jam
1280 2435 1415 2500 parceret,
1423 2440 1606 2497 rreosnprerno
1615 2422 1725 2481 excidio
1735 2422 1942 2479 labefactandam

298 2517 417 2600 porticus
441 2518 545 2590 templi,
566 2534 627 2590 quse
650 2521 782 2592 vergebat
799 2520 833 2577 ad
860 2530 965 2595 partem
988 2529 1097 2592 septen·
1147 2517 1944 2596 putaretcmsarastinravitquodseduloreniamdepreca

298 2609 405 2665 trionis.
424 2609 492 2666 Natu
506 2620 533 2668 et
549 2611 608 2683 ipse
628 2613 704 2671 loces
718 2615 758 2687 (in
784 2629 838 2686 quo
860 2623 980 2671 castrum
1002 2624 1098 2686 posteo
1148 2627 1341 2676 retnrsmanus
1352 2617 1463 2674 daturus
1471 2625 1500 2672 ut
1511 2614 1612 2672 deditio
1621 2612 1801 2685 praecederet,
1811 2612 1890 2683 jubet
1898 2621 1943 2668 tor·

290 2704 417 2761 *detorsio
430 2705 563 2762 venabulo
574 2706 726 2782 conditum)
738 2708 810 2765 inter
822 2708 891 2765 duas
903 2708 997 2780 jacens
1012 2710 1099 2782 porti·
1149 2720 1305 2769 mentorum
1328 2711 1399 2768 ictus
1417 2725 1544 2778 cessare,
1566 2708 1734 2782 jaculatores
1763 2718 1915 2781 temperare
1931 2724 1944 2762 s

297 2809 345 2853 uns
366 2799 607 2868 septentrionalis,
623 2801 675 2856 boo
689 2811 749 2867 est,
765 2801 845 2856 Brios
867 2801 1095 2872 trurrcupabatur;
1149 2805 1254 2876 prmllo.
1270 2804 1377 2860 Castori
1389 2805 1435 2860 dnt
1450 2803 1576 2876 loquendi
1596 2800 1714 2874 copiam.
1731 2801 1780 2857 ille
1790 2803 1944 2858 descensum

298 2889 393 2947 Simon
420 2905 486 2948 vero
508 2891 543 2949 ad
561 2891 674 2950 toanttis
698 2894 853 2965 sepulerum
877 2894 963 2949 vicem
990 2893 1098 2950 tuerrdm
1149 2895 1942 2969 sinmlare,deinquasisuadcresttis:aiiirelle,aliireniti,

298 2984 374 3040 urbis
387 2995 546 3057 susceperat
557 3003 565 3041 ι
578 2986 620 3042 lais
632 3003 682 3060 pro
695 2987 793 3057 salute,
808 2986 938 3044 Ronlanis
951 3002 1000 3059 pro
1013 2987 1099 3042 victo·
1149 2993 1293 3064 subitoque
1303 2993 1791 3065 velutindignantesquicogerentur,
1799 3005 1881 3062 supra
1889 2990 1944 3044 lori

298 3076 340 3132 ria
355 3086 494 3134 certarnen
509 3089 579 3136 erat.
602 3079 706 3148 Quibus
728 3081 781 3138 etsi
804 3081 891 3138 virtus
914 3083 1052 3152 potentior
1064 3081 1098 3136 ad
1149 3085 1582 3157 camrepercutientescecidere.
1599 3084 1762 3141 iliracuinm
1775 3085 1942 3152 ingressum

299 3171 540 3243 congrediendum,
569 3175 644 3230 locus
669 3183 759 3230 tamen
786 3173 900 3230 interior
923 3173 957 3230 ad
978 3173 1098 3230 obsidio·
1151 3175 1225 3235 lrans
1236 3180 1342 3247 lateret,
1355 3180 1396 3236 sic
1409 3177 1538 3251 tempusd
1553 3179 1666 3235 duxere.
1682 3177 1757 3234 inter
1779 3193 1843 3249 quse
1857 3191 1943 3233 nense

299 3279 362 3322 neni
376 3281 384 3319 r
399 3280 461 3322 cunt
471 3279 521 3322 eos
532 3265 568 3322 de
582 3281 661 3324 nturo
671 3279 796 3339 gravaret
813 3266 945 3346 pralium,
959 3267 1098 3324 temeritas
1111 3256 1136 3322 C
1150 3272 1281 3329 militibus
1292 3272 1421 3330 Romanis
1431 3271 1523 3344 jaculo
1535 3271 1641 3343 sagittae
1650 3286 1745 3327 narem
1761 3270 1884 3326 Castoris
1893 3284 1944 3340 prr·

299 3357 403 3414 iudeis
423 3358 596 3428 insolentior,
617 3360 747 3418 tortitudo
765 3361 894 3418 nonnanis
913 3361 1003 3418 acrior
1017 3369 1097 3418 crat:
1150 3366 1244 3422 cussit.
1261 3365 1311 3422 tlte
1334 3366 1478 3436 deplorare
1501 3373 1530 3422 et
1551 3364 1682 3436 conqueri
1706 3361 1779 3433 apud
1802 3363 1942 3423 tlmsareut,

301 3449 480 3508 itrvrrtinebant
501 3450 624 3522 partibus
638 3453 736 3519 ducem
752 3469 840 3525 eoque
853 3454 939 3525 major
960 3452 1100 3510 oriebatur
1151 3473 1264 3531 pascere
1283 3467 1312 3514 nt
1330 3458 1439 3532 juberet
1460 3457 1577 3532 aliquem
1597 3458 1650 3515 sibi
1675 3456 1801 3514 ‹lextrarn
1826 3456 1901 3523 dare,
1915 3457 1942 3510 ita

301 3543 452 3612 contentio,
467 3543 531 3599 drtnr
543 3544 659 3616 quisque
672 3544 729 3601 suis
742 3545 899 3602 ductoribus
914 3544 1037 3617 pericula
1050 3559 1099 3600 sna
1150 3565 1181 3609 se
1196 3552 1318 3624 periugio
1343 3566 1464 3608 usurum.
1478 3549 1571 3609 Caesar
1593 3551 1714 3623 losepbu
1735 3551 1850 3606 nrandat
1870 3565 1942 3616 nego·

301 3634 384 3706 gestit
397 3635 523 3706 probare.
538 3635 632 3694 Simon
646 3639 833 3711 suosttl'gebtlt
848 3647 989 3696 lerioteet
1003 3636 1100 3695 fornii·
1151 3648 1219 3703 tium
1236 3662 1349 3703 :perum
1375 3646 1421 3702 ille
1443 3647 1490 3718 qui
1512 3655 1622 3703 caveret
1645 3645 1805 3702 Judoeottlttl
1831 3646 1941 3707 insidias,

301 3727 365 3784 dine
381 3745 388 3782 :
403 3728 539 3786 itomanos
550 3729 627 3788 'litus
641 3732 797 3804 ptrdoresui
811 3748 891 3807 quani
904 3733 1023 3790 masline
1035 3749 1100 3792 cort·
1151 3740 1219 3796 nibil
1231 3740 1369 3796 sincerum
1383 3741 1410 3796 in
1424 3754 1458 3796 eo
1473 3739 1625 3811 intelligere
1639 3753 1669 3795 se
1683 3737 1838 3809 respondit.
1853 3737 1942 3793 AEnrts

302 3821 449 3891 vestiebat,
475 3823 547 3895 qued
576 3833 665 3882 morte
693 3824 803 3898 gravius
837 3827 1020 3893 arbitrantur,
1045 3840 1101 3881 non
1153 3845 1243 3890 tamen
1259 3832 1492 3904 propiosmnrnnr
1511 3832 1747 3900 suecessit,etm
1763 3830 1941 3887 advenientem

302 3915 434 3973 ctltibcre
456 3919 576 3990 pericula
601 3935 650 3977 sua
671 3919 789 3999 Cmsari,
804 3937 866 3979 oum
883 3924 942 3994 ipse
955 3922 1038 3979 toties
1052 3935 1101 3993 pro
1152 3926 1315 3996 susciperet,
1330 3925 1458 3981 occrtrrit.
1472 3922 1521 3980 Cni
1534 3925 1631 3980 fastor
1643 3923 1808 3991 vocitemus,
1824 3935 1854 3978 nt
1865 3926 1942 3978 sinum

300 4011 425 4066 exercitu
439 4013 567 4095 perieulis
577 4013 676 4071 ollerre
686 4029 716 4070 se
727 4031 781 4071 non
795 4015 986 4073 dubitavisset.
1001 4017 1102 4071 bruva-
1153 4021 1282 4092 aperiret,
1294 4035 1390 4075 aurrnn
1404 4019 1552 4090 exciperet,
1566 4033 1663 4075 saxum
1677 4017 1791 4074 dimisit.
1809 4017 1858 4074 llle
1869 4019 1942 4073 oculis

303 4102 350 4159 bat
365 4119 412 4162 eos
423 4105 547 4162 vincendi
559 4107 738 4175 consuetudo,
754 4117 781 4164 et
793 4108 909 4165 cedendi
925 4108 1077 4180 ignorantia
1094 4126 1101 4162 :
1153 4112 1329 4183 vigilantibus
1354 4113 1472 4183 lapidem
1497 4111 1641 4183 praevidit,
1667 4110 1806 4182 celerique
1830 4110 1942 4182 eorporis

303 4200 496 4272 precipueque
508 4215 630 4273 praesens
645 4203 857 4276 uniuscujusque
869 4205 978 4261 uirtutis
999 4203 1103 4260 arbiter
1152 4205 1225 4261 saltu
1240 4205 1346 4275 lapsum
1368 4203 1458 4259 evadit
1472 4222 1479 4258 :
1494 4205 1577 4259 aliurn
1596 4212 1689 4259 tamen
1711 4217 1798 4275 prope
1820 4212 1942 4259 asmntcn

304 4291 492 4367 Titus,squo
506 4309 560 4351 nou
575 4297 762 4352 remuneratio
783 4294 950 4354 tortitudinis
962 4307 1104 4368 exspecta·
1153 4297 1212 4352 sati
1236 4296 1352 4352 involvit
1375 4297 1500 4352 ltnnranis
1531 4295 1620 4352 ruina.
1647 4294 1705 4350 llos
1729 4292 1823 4351 Caesar
1846 4296 1941 4351 intuens

304 4386 401 4455 batur,
426 4388 474 4445 sed
495 4405 576 4460 supra
601 4388 712 4459 omnia,
733 4389 837 4447 tructus
861 4392 1019 4463 amplissimi
1044 4405 1104 4450 erat
1153 4394 1243 4452 acrias
1267 4393 1391 4450 incubuit
1414 4391 1448 4448 ad
1471 4406 1611 4448 uterorum
1633 4390 1835 4463 dejectionem,
1856 4392 1941 4463 preci·

305 4481 421 4551 praemii,
438 4481 485 4538 illo
507 4492 649 4555 spectante
671 4484 819 4555 quidquam
842 4491 954 4542 strenue
972 4487 1101 4558 gessisse,
1153 4490 1232 4561 piens
1254 4487 1405 4560 majorevi
1428 4480 1627 4543 tormentorum
1654 4485 1769 4557 impelli.
1798 4485 1895 4542 Cotttra
1914 4488 1940 4539 ad

303 4576 376 4646 quod
401 4577 426 4634 ei
455 4593 508 4633 non
538 4578 708 4651 displiceret.
733 4579 774 4636 Eo
797 4579 935 4637 incentivo
962 4579 1102 4655 Longinus
1154 4580 1307 4640 exurendas
1327 4579 1467 4636 machinas
1480 4578 1558 4651 ignes
1567 4576 1751 4648 jaciebantur.
1767 4577 1879 4634 &dubi
1889 4592 1940 4632 mu·

304 4670 438 4738 equestris
458 4670 562 4727 militiae
588 4673 627 4728 vir
652 4673 773 4738 excitus.
788 4672 917 4732 adversas
942 4691 991 4746 pro
1015 4676 1102 4732 muris
1114 4659 1142 4720 D
1155 4694 1201 4736 rus
1215 4676 1322 4733 solutus
1335 4683 1388 4743 est,
1404 4672 1501 4730 Castor
1520 4688 1583 4729 cum
1596 4673 1651 4728 suis
1665 4672 1742 4743 quasi
1767 4671 1795 4726 in
1811 4672 1897 4742 ignem
1915 4683 1940 4724 se

305 4761 402 4818 videns
426 4761 582 4820 ludaeorum
611 4772 755 4832 catervas,
783 4773 920 4839 tamquam
947 4759 1102 4841 indignatus
1154 4769 1264 4839 deiecit,
1279 4768 1343 4824 drrlo
1358 4774 1512 4839 praetexens
1525 4765 1607 4822 animi
1616 4762 1833 4831 magnitudinem
1847 4764 1873 4819 in
1885 4777 1940 4818 cun·

298 4852 378 4926 'quod
403 4855 541 4914 Rouranos
560 4857 633 4915 bello
655 4859 836 4927 lacesserent,
852 4869 880 4917 et
893 4875 926 4917 ex
940 4877 1021 4934 aequo
1040 4876 1103 4934 pro·
1155 4872 1259 4933 templu
1273 4860 1380 4930 mortis,
1390 4875 1452 4916 cunr
1471 4859 1535 4916 dolo
1548 4859 1621 4929 turpi
1636 4855 1698 4914 rim
1711 4855 1809 4930 edrrgia
1823 4865 1937 4928 captaret

308 4947 368 5005 dire
381 4948 524 5021 auderent,
537 4950 646 5008 desiluit
660 4967 731 5024 equo
744 4995 752 5019 ,
765 4961 846 5025 atque
860 4956 888 5010 in
901 4953 1006 5011 medios
1018 4968 1050 5010 se
1062 4955 1104 5010 in·
1156 4969 1160 4976 ’
1455 4949 1571 5008 uerbi
1585 4948 1655 5006 itit.

303 5046 371 5119 jecit
384 5048 486 5104 bustes.
503 5047 536 5104 Et
550 5063 632 5104 unurn
649 5049 755 5105 l’rurore
772 5051 831 5120 ipso
852 5061 993 5122 parantem
1008 5066 1103 5108 occur·
1190 5051 1334 5123 linusjam
1347 5064 1454 5116 murus,
1479 5047 1531 5104 boc
1546 5055 1587 5102 est
1602 5043 1700 5100 tertius
1715 5043 1937 5117 superessent

305 5155 379 5204 rere,
391 5140 446 5194 telo
462 5141 605 5210 percussit,
617 5141 751 5214 simulque
764 5142 822 5212 eius
835 5157 928 5199 vocem
941 5153 969 5200 et
981 5147 1100 5202 animaru
1153 5145 1241 5203 uersis
1255 5144 1382 5210 duobus;
1411 5142 1500 5198 adlruc
1514 5148 1604 5195 tamen
1626 5138 1721 5194 Caesar
1735 5139 1887 5195 reservabat
1898 5152 1937 5207 pa·

305 5232 385 5304 rapit.
407 5231 492 5288 Alteri
515 5241 637 5304 ereptum
659 5235 693 5291 de
719 5249 834 5306 crtrpore
859 5244 995 5307 prostrato
1016 5237 1101 5294 telum
1154 5239 1295 5307 ueritiam,
1308 5237 1355 5308 qni
1375 5235 1532 5291 adverterat
1552 5230 1609 5302 jans
1629 5228 1683 5286 sibi
1695 5233 1810 5301 perire,
1824 5227 1935 5301 quidquid

305 5327 402 5400 integit,
417 5335 446 5384 et
471 5327 504 5383 ad
527 5342 592 5383 suos
613 5329 700 5384 victor
713 5343 774 5384 sese
794 5331 907 5403 recepit.
926 5331 964 5388 bo
976 5333 1102 5403 praeenri·
1153 5334 1280 5405 perisset.
1292 5331 1362 5386 burn
1373 5327 1474 5399 parcit,
1486 5334 1515 5382 ct
1526 5331 1659 5397 provocat
1671 5321 1705 5378 ad
1718 5323 1881 5380 deditionem
1892 5338 1934 5377 nun

304 5423 432 5481 uentibus
446 5422 602 5494 loquimur:
619 5431 747 5479 caeterum
765 5424 843 5481 multi
865 5426 1014 5484 imitatores
1028 5437 1102 5484 trtra·
1151 5435 1310 5502 exspectato
1332 5422 1452 5496 agmine,
1476 5436 1538 5477 cunr
1553 5419 1648 5491 paucis
1668 5419 1780 5474 irruens
1802 5431 1934 5491 suprann-

302 5533 356 5589 que
379 5533 413 5576 ex
434 5525 522 5590 parte,
538 5515 587 5574 sed
611 5515 718 5574 diverso
739 5531 861 5588 genere:
877 5518 978 5577 ludseis
1002 5520 1101 5592 despe-
1151 5543 1213 5583 runs
1226 5521 1399 5585 secundum,
1424 5525 1588 5589 congregata
1603 5529 1686 5570 manu
1701 5512 1791 5570 ludaei
1815 5513 1843 5570 in
1856 5523 1932 5582 angre

303 5615 374 5672 ratio
394 5613 538 5673 audaciam
560 5613 661 5685 dabat,
688 5612 819 5674 Romanis
846 5615 941 5690 glorie
968 5618 1101 5692 cupiditas
1153 5623 1199 5682 tiis
1214 5618 1350 5695 plurimos
1359 5613 1553 5673 sauciaverunt
1567 5631 1574 5668 ε
1589 5611 1716 5686 plerique
1730 5612 1816 5670 etiam
1829 5608 1931 5676 urnisque

336 5792 350 5822 ι
374 5781 475 5840 valide.
491 5782 577 5843 Brun.
1192 5804 1204 5832 e
1227 5789 1334 5847 Notene.
1350 5785 1484 5862 losepbus
1498 5785 1596 5841 decen.
1613 5784 1652 5841 ln.

334 5851 349 5892 ¹·
369 5851 403 5911 itt
416 5869 470 5912 ote.
485 5854 524 5913 ln.
1190 5859 1203 5900 ⁴
1220 5862 1329 5918 Ducere.
1343 5862 1378 5918 ln.
