4075 6359
273 285 344 342 altr

938 271 1064 360 sunau
1085 269 1248 338 auaaosu

1853 275 1915 332 etta

270 403 346 459 cidit.
362 400 442 472 Apud
453 401 504 457 hos
520 411 584 454 vero
598 411 648 454 nee
670 395 805 450 alietatem
831 401 916 447 mater
936 403 1070 462 recogno·
1083 387 1112 450 Α
1123 397 1179 444 tum
1191 387 1262 444 mule
1276 401 1327 444 sua
1339 387 1466 446 uiderunt
1488 401 1675 462 permanere,
1691 386 1820 446 aluerunt
1842 391 1915 444 auda·

274 499 324 553 seit
337 494 434 559 itlium,
451 509 501 550 nee
514 492 694 563 appellantem
708 487 792 550 audit,
809 500 859 542 nec
869 485 1001 555 vagientis
1018 483 1069 538 mi-

273 596 394 645 seretur:
410 594 437 644 et
449 595 559 659 proptor
572 584 651 637 anuas
665 582 739 638 bure
760 578 954 636 exsecrabilem
966 577 1068 642 cibtuu,

274 679 448 750 parricidales
462 688 474 714 ⁰
486 677 578 746 injecit
590 673 694 748 pignori
710 685 815 728 manus.
841 669 894 728 Sed
907 669 970 742 quid
992 668 1069 739 quasi

273 790 371 832 novant
384 788 477 842 arguo,
494 785 554 826 cum
570 786 584 824 a
602 768 746 841 parricidio
763 766 886 822 iraterao
906 765 1015 839 generis
1028 763 1069 819 sui

273 876 415 924 numerent
428 861 627 920 exordiaicum
645 861 728 930 ipsius
746 859 861 916 Abrabae
884 873 963 928 qucm
977 857 1070 928 appel-

272 960 328 1016 lant
344 969 445 1030 patrem
457 969 484 1012 et
494 955 644 1026 disciplima
658 965 800 1014 auctorem
812 969 843 1010 ac
859 953 900 1007 sui
918 952 1069 1024 principem

271 1053 371 1118 cubus,
386 1051 412 1108 ln
436 1066 469 1108 en
483 1050 599 1106 maxime
615 1045 695 1102 llalem
712 1047 869 1118 pradicant,
883 1046 955 1120 quod
974 1061 1025 1102 uec
1039 1045 1071 1100 ir·

271 1146 308 1202 lio
320 1143 484 1219 parcendura
506 1142 640 1212 putauerit
651 1182 659 1209 ‚
671 1156 788 1214 eumque
801 1143 871 1196 sicut
884 1139 999 1196 bostiam
1013 1139 1070 1194 aris

271 1239 442 1306 admoverit,
461 1245 543 1309 atque
558 1235 746 1292 holocaustum
770 1232 870 1290 olierre
887 1248 940 1288 noa
960 1231 1067 1288 dubita-

269 1333 348 1388 aerit.
364 1331 424 1388 Nou
434 1329 586 1386 condemno
610 1327 783 1384 devotionem
798 1367 805 1392 ,
821 1326 868 1382 sed
880 1341 973 1398 quaro
986 1324 1069 1395 pieta·

270 1434 336 1480 tem.
351 1425 439 1480 Alium
454 1437 561 1497 quoque
576 1421 659 1478 esuis
674 1421 784 1476 vovisse
797 1419 1023 1481 ainruuictorent,
1042 1425 1070 1472 ut

270 1515 399 1586 quidquid
416 1513 468 1570 sibi
481 1514 596 1584 primum
608 1513 772 1568 occurrisset
783 1513 891 1566 alnnuuu
906 1508 1067 1570 rtirerteuti,

269 1607 422 1664 immolaret
439 1607 496 1664 ileo
507 1621 574 1660 suo:
598 1612 699 1662 etcum
726 1604 827 1660 rediret
841 1645 848 1670 ,
862 1603 1015 1662 occurrisse
1039 1599 1070 1654 ir·

269 1703 436 1772 liam,atque
453 1701 529 1755 illum
556 1700 681 1771 injecisse
708 1697 771 1754 illim
792 1713 900 1756 manus.
930 1697 1069 1769 llultuque

1121 481 1190 535 ciam
1206 497 1213 534 :
1227 480 1337 551 ingenio
1351 490 1441 536 tamen
1456 478 1549 536 Cesar
1569 481 1757 552 praeveniens,
1769 481 1864 550 januas
1879 498 1917 536 ar-

1120 580 1323 645 geutnopertas
1349 571 1480 628 succendi
1498 572 1711 644 jussit,quibus
1735 575 1798 646 igue
1819 574 1918 628 admoto

1120 677 1263 734 argentam
1275 664 1396 720 delinere
1415 706 1423 732 ,
1440 665 1539 722 deinde
1559 666 1694 739 paulatim
1720 665 1804 722 etiam
1825 666 1919 738 liguum

1120 757 1231 814 ardere:
1248 759 1322 813 sicin
1337 759 1471 828 porticum
1489 759 1653 818 interiorem
1669 759 1763 816 aditus
1777 768 1920 830 patescere.

1122 850 1176 906 Sed
1187 855 1332 908 miseratus
1342 849 1446 939 Cesar,
1459 867 1495 908 oe
1506 851 1631 910 finitimis
1644 853 1788 912 interioris
1802 833 1921 908 uestibuli
1992 906 1993 923 ,

1122 941 1511 1014 porticibuscoapretaetrsis,
1529 945 1663 1015 tempium
1687 955 1869 1011 exureretur,
1891 945 1921 1000 ad
1992 944 1993 991 ἰ

1120 1038 1266 1094 consilium
1284 1037 1391 1093 uocauit
1407 1037 1490 1094 urucas
1503 1041 1653 1102 exercitas,
1664 1037 1780 1098 diceus:
1794 1053 1849 1095 aaa
1862 1053 1922 1093 cua

1121 1131 1327 1191 irrseuuutttbus
1339 1131 1392 1188 sibi
1406 1145 1545 1186 ceramon
1560 1147 1645 1201 esse,
1662 1147 1714 1188 nec
1736 1130 1842 1186 beilum
1864 1147 1922 1186 eum
1992 1122 1993 1133 ’

1120 1225 1255 1294 aediliciis,
1272 1239 1334 1294 quae
1346 1225 1497 1280 uictoribus
1510 1225 1695 1296 proicerent,
1709 1224 1734 1282 si
1747 1224 1873 1283 inexusta
1882 1240 1922 1280 re·
1992 1218 1993 1289 j

1121 1325 1296 1372 servarentur
1309 1332 1316 1370 ι
1327 1315 1412 1372 duces
1427 1325 1518 1375 tamen
1530 1316 1700 1385 asserebant,
1713 1327 1727 1364 tt
1742 1316 1923 1372 ualetudinem
1992 1302 1993 1379 Ξ

1121 1409 1258 1478 parietum
1270 1417 1297 1462 et
1309 1408 1490 1466 munitionem
1506 1409 1610 1479 tempii,
1626 1409 1729 1467 iudaeis
1740 1408 1769 1466 iu
1792 1410 1924 1477 reliquam

1121 1517 1230 1574 quoqne
1245 1503 1383 1559 iuceutiro
1399 1504 1529 1569 laturam,
1551 1505 1650 1575 quibus
1669 1511 1745 1560 esset
1766 1512 1843 1575 grata
1857 1505 1926 1559 inse

1120 1600 1220 1666 leutia;
1232 1601 1339 1659 radices
1352 1599 1512 1658 rebellionis
1522 1598 1661 1657 eruendas
1677 1598 1803 1656 tantitas
1813 1639 1822 1662 ,
1832 1613 1864 1656 ne
1876 1599 1925 1654 ite·
1992 1606 1993 1613 ’

1119 1710 1180 1750 rum
1196 1695 1336 1752 temeritas
1349 1695 1567 1750 recrudesceret.
1592 1693 1704 1751 Distulit
1727 1700 1821 1748 taurea
1838 1691 1926 1748 sasai

268 1795 321 1850 alia
335 1792 489 1864 hujusmodi
503 1791 638 1864 exempla.
656 1791 748 1862 Qualis
768 1791 818 1846 ista
840 1804 915 1863 gens,
932 1806 992 1862 quae
1006 1792 1070 1847 reii·
1083 1779 1109 1841 B
1122 1790 1228 1846 rorusilii
1246 1799 1390 1846 tractatum
1406 1790 1433 1844 ia
1449 1799 1587 1866 posteram
1602 1787 1689 1866 diem.
1713 1785 1818 1842 ternu
1841 1785 1925 1841 tadei

271 1887 456 1958 gionitriituat
478 1884 597 1940 itontiuis
621 1899 738 1952 aecem,
764 1891 792 1941 ei
817 1884 978 1943 sacrificiunt
993 1894 1073 1958 putet

271 1995 332 2036 esse
348 1977 544 2056 parricidium?
559 1978 625 2046 Quis
640 1977 710 2032 beas
724 1977 809 2046 possit
828 1975 880 2035 boe
891 1975 1011 2046 exigere,
1026 1985 1072 2031 aut

270 2073 360 2144 qualis
387 2071 513 2128 sacerdos
538 2071 585 2142 qui
617 2071 667 2126 boc
696 2069 784 2140 possit
804 2066 931 2126 delarue?
952 2069 1071 2140 lienique

268 2166 426 2224 ltueterem
453 2164 529 2220 illurn
548 2149 627 2235 quasi
654 2161 857 2232 prudentiorem
886 2177 940 2216 rtou
974 2161 1072 2217 iecisse

269 2260 356 2324 aiurrt,
370 2257 418 2314 sed
431 2255 548 2312 uoluisse
561 2272 568 2322 ;
582 2256 661 2310 istum
681 2253 758 2326 quasi
777 2264 787 2290 ⁰
800 2252 997 2308 consultiorem
1009 2267 1071 2324 per-

269 2363 421 2405 severasse.
440 2346 563 2402 ilabeaut
576 2359 640 2399 sutus
662 2346 730 2398 ritus
744 2340 758 2381 ἃ
771 2343 908 2414 duriatum
925 2343 1068 2411 lrotnines,

270 2441 342 2513 apud
355 2455 424 2512 quos
444 2437 589 2510 disciplina
617 2446 659 2492 est
675 2437 745 2492 latios
759 2437 894 2496 occidere.
911 2437 1008 2494 lnielix
1032 2439 1069 2495 ci·

269 2537 349 2602 ritas,
362 2538 387 2591 iu
398 2550 448 2606 qua
462 2534 522 2590 talis
537 2531 656 2599 cilicina,
670 2531 745 2587 tatae
760 2533 918 2604 mysterium
930 2540 982 2588 est.
996 2531 1069 2602 ope-

271 2630 342 2686 riant
356 2643 416 2685 eam
430 2629 514 2683 ruina·
530 2642 597 2692 suaa,
613 2635 694 2695 atque
708 2622 900 2680 abscondenti
919 2625 1003 2680 invidi
1019 2627 1070 2697 ipsi

269 2725 469 2799 contagionem,
480 2738 514 2781 ne
529 2721 571 2778 sol
585 2720 687 2787 uideat,
700 2734 734 2775 ne
745 2720 884 2774 stellarum
896 2720 991 2788 globus
1007 2735 1070 2790 spe-

268 2827 342 2883 ctet,
359 2832 393 2873 ue
414 2815 585 2872 tusculentur
603 2827 732 2868 aurarum
755 2810 916 2882 spiramina:
938 2823 1069 2884 purgato-

268 2910 325 2966 rius
338 2925 447 2982 quoque
461 2907 505 2962 ille
517 2917 614 2963 exuret
629 2907 710 2976 iguis.
725 2903 875 2977 Thyesteas
891 2905 974 2976 dapes
993 2904 1070 2962 iabu-

271 3005 324 3058 lam
342 3014 483 3074 putaruus:
505 2999 635 3072 ilagitiuru
656 2999 797 3065 videmus,
822 3001 965 3056 ueritatem
980 3001 1069 3056 cerni·

268 3110 329 3151 mus
340 3095 501 3150 atrociorem
516 3091 663 3163 tragoediis.
677 3090 714 3147 lbi
735 3093 806 3147 enim
826 3091 930 3148 tirmior
944 3107 1027 3148 sexus
1041 3102 1069 3148 et

1123 1899 1153 1940 se
1165 1885 1346 1941 infundendos
1359 1893 1505 1954 putarunt:
1521 1881 1570 1942 sed
1584 1881 1703 1938 Romani
1718 1880 1858 1936 consertis
1871 1879 1926 1950 elg-

1124 1980 1202 2050 pels,
1226 1979 1351 2046 quamuis
1366 1977 1532 2048 pauciores,
1556 1978 1674 2046 primum
1687 1975 1823 2048 impetum
1849 1976 1927 2030 susti·
1992 2008 1993 2033 i

1123 2090 1217 2130 nuere.
1237 2073 1357 2130 Nutabat
1378 2083 1469 2128 tamen
1491 2073 1564 2128 acies
1583 2084 1722 2130 concursu
1741 2068 1925 2124 innumerabi-

1123 2168 1157 2222 lis
1167 2166 1362 2222 multitudinis.
1374 2164 1452 2221 Unde
1466 2162 1559 2221 Caesaar
1577 2179 1639 2221 curu
1655 2162 1798 2234 equitibus
1811 2176 1926 2232 propere
1992 2214 1993 2229 ,

1121 2257 1216 2324 adluit,
1230 2266 1374 2328 proterens
1386 2255 1465 2312 laciie
1479 2270 1548 2330 quos
1563 2256 1724 2326 reperisset,
1735 2265 1820 2328 atque
1832 2253 1927 2310 itostile
1992 2314 1993 2329 χ

1122 2366 1220 2423 agmen
1233 2350 1353 2414 reilexit,
1369 2365 1403 2406 eo
1415 2348 1513 2415 iretus,
1525 2347 1654 2420 quiajam
1676 2358 1788 2417 pateret
1806 2347 1926 2402 restibu-

1120 2445 1208 2504 lorum
1220 2445 1321 2514 portia.
1338 2442 1441 2512 iiaiore
1454 2457 1566 2498 suoram
1577 2455 1660 2496 mauu
1670 2440 1799 2512 seqaomi
1812 2439 1858 2496 die
1870 2440 1923 2493 dis
1992 2466 1993 2489 l

1121 2538 1251 2606 poenitio
1264 2538 1371 2592 bostem
1391 2537 1564 2608 irrumpere,
1590 2534 1719 2605 templum
1747 2534 1926 2593 succendere.
1992 2602 1993 2611 χ

1120 2630 1312 2698 Qundiacturq
1334 2628 1586 2697 eripuisseturbem
1614 2627 1764 2691 incendio;
1785 2627 1840 2681 nist
1863 2627 1927 2682 tara

1120 2739 1199 2780 arens
1217 2725 1311 2796 populi
1323 2722 1483 2783 datumasia
1499 2737 1529 2778 se
1539 2721 1659 2778 bostium
1678 2730 1871 2794 procreasset.
1883 2721 1928 2776 iu-

1119 2815 1247 2883 beteraim
1261 2814 1355 2872 Caesar
1370 2816 1502 2888 restingui
1515 2815 1617 2888 igaiuta
1632 2815 1748 2888 globos,
1763 2831 1799 2873 ae
1810 2817 1928 2886 irrupta·
1992 2802 1993 2839 i

1119 2910 1157 2964 ris
1172 2909 1366 2980 impedimento
1379 2908 1479 2965 iurent.
1501 2908 1580 2976 Quod
1592 2908 1720 2966 ridentes
1741 2907 1843 2976 iudei,
1858 2908 1923 2964 dum
1992 2904 1993 2937 ³

1119 3002 1282 3058 insidiantur
1303 3001 1456 3060 volentibus
1477 3001 1601 3060 incendia
1617 3002 1711 3072 templi
1731 3002 1925 3072 restinguere,
1992 3030 1993 3065 3

1120 3095 1200 3149 cassis
1224 3092 1371 3164 aliquibus,
1387 3092 1494 3150 bostem
1515 3092 1699 3152 accenderunt
1716 3109 1723 3149 :
1739 3109 1809 3150 uuus
1823 3094 1859 3148 de
1872 3093 1926 3148 ilo·
1992 3104 1993 3111 ¹

268 3195 361 3257 partus
374 3187 498 3241 alienus:
512 3183 556 3239 bic
567 3185 674 3250 ntulier,
689 3183 734 3238 eui
749 3193 843 3254 partus
865 3184 993 3254 proprius
1011 3163 1107 3240 iare-C
1124 3189 1213 3240 manis
1227 3187 1384 3243 semiustam
1401 3185 1649 3248 tractusntateriem
1662 3226 1671 3249 ,
1686 3200 1749 3254 qua:
1768 3185 1804 3240 dc
1816 3185 1925 3256 iastigio
1992 3242 1993 3249 ,

268 3282 304 3335 rit
319 3281 405 3335 cibus.
422 3277 460 3336 ilai
472 3278 558 3332 aliena
574 3277 668 3341 iraas,
685 3277 730 3331 bic
742 3278 850 3346 prupria
872 3277 1008 3333 uoluntas.
1022 3276 1069 3333 illc

272 3373 376 3436 doluit,
395 3373 452 3426 lrarc
471 3371 625 3426 insultavit:
646 3368 724 3438 digna
742 3369 840 3422 talibus
855 3368 922 3424 viris
935 3383 1009 3434 esea,
1024 3369 1069 3439 qui

270 3465 450 3537 pertinaciter
478 3459 604 3516 bellando
630 3459 759 3514 mulieres
781 3474 844 3514 suas
872 3459 905 3514 ad
930 3459 984 3515 tale
1008 3474 1070 3530 per·

272 3565 413 3619 duxerant
432 3556 596 3614 contriciam.
621 3553 753 3627 Equidem
766 3569 813 3608 cos
828 3554 910 3608 tantis
935 3553 1069 3607 malarum

272 3654 391 3710 aillietos
400 3647 595 3708 acerbitatibus
607 3645 662 3717 jam
678 3645 767 3702 itrrcre
778 3645 896 3700 arbitror
908 3686 916 3712 ,
933 3655 1070 3700 amentes-

271 3761 324 3818 qau
344 3745 449 3808 iunctos,
470 3742 515 3812 qui
530 3740 652 3796 lnaecnon
677 3737 806 3794 sentiant.
823 3738 913 3806 Quare
937 3735 1071 3794 maturius

272 3837 372 3894 bollum
389 3833 579 3902 eotritciamus,
594 3832 654 3900 turia
668 3829 808 3887 emendari
827 3845 880 3884 aon
895 3841 1014 3900 queunt:
1029 3830 1072 3884 iu·

273 3945 400 4004 gruamus
416 3925 572 3986 instantius,
589 3935 618 3980 ut
632 3924 767 3996 lagiaruus
791 3924 932 3999 regionum
956 3923 1070 3978 istarum

209 4025 216 4038 “
275 4025 424 4080 morientes
437 4034 532 4092 aquas,
545 4028 616 4074 terra
632 4028 751 4094 ruentes.

567 4109 680 4167 CAPUT
693 4109 772 4166 ilLll.

254 4217 260 4230 '
311 4211 357 4266 llis
377 4207 458 4264 dictis
481 4205 620 4260 adnnoreri
649 4203 749 4275 templo
769 4203 868 4258 arrietes
889 4203 988 4274 jubet,
1019 4203 1069 4261 sed

275 4305 340 4362 nibil
356 4301 437 4360 ualidi
452 4303 522 4355 ictus
536 4297 723 4371 proliciebant.
741 4296 866 4368 Plerique
879 4308 969 4352 tarmen
982 4300 1072 4354 territi

273 4397 388 4472 deipsis
403 4395 565 4452 seditionum
582 4391 748 4462 principibus
766 4391 913 4461 confugere
929 4391 962 4446 ad
982 4394 1073 4450 cesa-

275 4509 332 4550 retu
349 4534 356 4558 ,
374 4504 442 4562 quos
454 4487 529 4543 Titus
548 4495 682 4554 tantiquam
706 4485 869 4540 necessitate
893 4483 1069 4555 compulsae,

1121 3280 1260 3336 deciderat
1275 3322 1283 3349 ,
1298 3279 1392 3337 adulto
1410 3282 1470 3354 igue
1499 3289 1584 3352 partae
1608 3280 1732 3337 admouit
1755 3296 1818 3351 quac
1842 3296 1925 3338 aurea

1122 3384 1300 3444 ttuacupatur,
1322 3371 1395 3442 quod
1420 3373 1614 3431 aurorestitas
1628 3371 1747 3430 habebat
1767 3371 1852 3429 iores.
1878 3371 1924 3427 ii·

1122 3463 1263 3537 queiactas
1273 3464 1347 3519 illico
1358 3462 1477 3518 dammis
1491 3465 1551 3519 auri
1569 3465 1642 3535 rigor
1665 3464 1768 3534 liguum
1787 3464 1923 3532 rrudstit,

1121 3559 1194 3631 quud
1220 3560 1293 3612 t'eirrt
1313 3558 1414 3613 intecto
1434 3557 1520 3612 latere
1543 3558 1629 3626 patuit
1653 3555 1791 3612 incendio.
1817 3556 1925 3611 Errastis
1992 3582 1993 3585 ι

1122 3653 1214 3723 itaque
1227 3652 1323 3717 ualuis,
1335 3652 1362 3706 in
1381 3651 1510 3708 interiora
1525 3665 1555 3708 se
1577 3650 1673 3721 templi
1692 3650 1844 3720 penetralia
1861 3651 1924 3708 inse
1992 3718 1993 3729 χ

1123 3750 1177 3803 ruit
1202 3746 1283 3820 ignis.
1303 3742 1418 3816 lauruque
1443 3755 1529 3816 portae
1549 3744 1609 3819 eius
1634 3743 1767 3806 vestibula
1789 3743 1922 3801 luebant.
1992 3774 1993 3781 .

1123 3838 1233 3894 Turbati
1249 3852 1344 3896 ottrttes
1354 3837 1400 3909 qui
1413 3851 1443 3898 se
1457 3835 1550 3906 templi
1564 3835 1714 3895 munimine
1729 3834 1921 3902 defensabant,

1122 3933 1258 4004 trepidare
1282 3932 1373 3997 illico;
1389 3939 1417 3996 et
1429 3930 1553 4002 quaedam
1569 3929 1626 4000 jam
1642 3929 1782 3998 inclinatio
1794 3929 1921 3991 tuentium

1123 4037 1194 4090 erat,
1226 4025 1302 4079 illum
1330 4025 1403 4078 diem
1439 4037 1501 4078 esse
1527 4021 1628 4092 templo
1645 4021 1810 4082 excidialem
1832 4063 1840 4087 ,
1862 4019 1923 4089 quia

1124 4119 1150 4173 iu
1164 4119 1223 4188 ipso
1236 4116 1280 4173 die
1305 4116 1440 4186 quandam
1457 4113 1614 4186 Babyloniis
1637 4112 1826 4184 ingruentibus
1838 4110 1923 4167 iuerat

1123 4213 1287 4276 incensum,
1304 4213 1366 4282 quia
1380 4209 1572 4264 eratdeclmus
1591 4206 1651 4262 dies
1666 4203 1680 4242 i
1698 4203 1781 4267 tona
1801 4207 1921 4272 mensis,

1123 4319 1203 4375 quem
1214 4303 1269 4374 janu
1285 4302 1386 4358 dadum
1405 4303 1477 4356 iuter
1502 4299 1624 4355 lunestos
1641 4299 1869 4355 annumerabant
1891 4299 1920 4354 ia

1123 4398 1265 4466 superiora
1275 4410 1382 4468 quoque
1394 4411 1424 4450 se
1439 4409 1565 4448 aurarum
1593 4392 1742 4462 spiramine
1759 4389 1829 4462 iguis
1844 4391 1921 4446 attol-

1123 4492 1194 4558 lens,
1209 4491 1356 4546 uictoribus
1371 4489 1491 4544 letitiam
1507 4527 1515 4557 ,
1534 4487 1611 4544 uictis
1634 4494 1706 4540 tanta
1724 4487 1783 4542 labe
1801 4485 1920 4543 dolorem

274 4603 327 4642 uon
337 4585 414 4658 quasi
426 4582 587 4654 promissum
600 4585 710 4634 sectttos
721 4577 1011 4650 dubitauitsaseipere,
1022 4579 1070 4635 sed
1085 4557 1233 4655 Duignuni
1256 4583 1364 4639 iniudit.
1388 4581 1495 4650 Clamor
1515 4596 1623 4652 qumque
1642 4581 1830 4637 nullumquam
1845 4595 1920 4636 0101.

276 4681 345 4735 itdcs
357 4675 515 4746 taraperanit
531 4669 708 4728 iracturdiam.
725 4669 783 4726 Nan
799 4686 833 4726 eo
851 4671 902 4726 luci
916 4681 1005 4728 tanuen
1020 4672 1071 4729 ita-

275 4773 333 4827 bait
345 4785 398 4839 rao
409 4767 533 4841 perfugas
556 4764 713 4829 superiores
726 4805 733 4829 ,
749 4763 934 4836 intentiusque
947 4780 1012 4823 suus
1026 4781 1071 4820 ur-

275 4877 340 4932 gere
355 4861 456 4930 coepit;
478 4863 508 4912 ut
526 4854 645 4910 uniuersi
667 4854 785 4909 bostiam
812 4853 985 4912 discederent
1009 4874 1072 4928 per-

277 4953 345 5012 calsi
361 4959 444 5007 tractu.
458 4947 511 5006 Sed
523 4947 570 5003 ubi
584 4945 701 5018 parietes
716 4945 863 5003 inolieusos
881 4949 915 5003 ab
928 4949 983 5004 ictu
1001 4953 1073 5011 arie-

313 5144 325 5171 ἢ
339 5131 438 5202 injicit.
450 5131 533 5187 Bana.

310 5205 325 5245 ¹³
342 5203 478 5260 lltuutrau
494 5199 627 5268 inlelligit.
640 5197 678 5254 io.

314 5291 324 5318 ⁰
341 5275 568 5336 insomnitiorem,
581 5270 679 5336 iepbte
692 5267 807 5324 seilicet.
822 5268 862 5324 io·

312 5346 324 5386 ‘¹
340 5346 406 5404 [iuri
416 5343 631 5406 tunteairomitrer.
648 5340 684 5400 io.

316 5430 327 5457 ⁰
345 5419 527 5476 iiint'steriunr.
541 5415 578 5471 iu.

315 5489 325 5529 ¹
343 5491 437 5544 iirtndt'
449 5491 540 5558 t'pst'tts.
559 5485 597 5540 io.

314 5573 326 5608 ts
346 5562 520 5616 Validitatrm.
536 5559 574 5613 lo.
591 5573 593 5578 ·

313 5633 403 5688 hlind.
425 5642 478 5687 vet.
503 5631 597 5685 baina.
622 5621 718 5680 Sublas
741 5619 823 5681 ioum
844 5637 859 5676 a
882 5622 1072 5681 liacedonibas

276 5709 424 5774 Augustam
440 5704 541 5757 dictum
560 5705 684 5756 testatur.
703 5695 789 5751 Basa.
805 5722 840 5734 -
861 5693 981 5752 Videtis
1001 5697 1071 5756 [iod-

274 5779 380 5834 nattum
393 5774 424 5827 da
434 5771 516 5845 Curiis
528 5781 604 5826 aeter.
617 5765 701 5822 (irrue.
714 5763 916 5854 relictarumqui
927 5764 1034 5828 dissert.
1043 5771 1071 5836 tt,

1123 4689 1241 4744 tus,uec
1254 4679 1339 4733 multo
1364 4684 1424 4748 post
1450 4677 1560 4730 nuntius
1584 4673 1690 4729 bostilis
1709 4672 1843 4730 excidium
1864 4671 1920 4727 de-

1123 4770 1178 4827 sari
1191 4769 1364 4824 manifestum
1391 4765 1523 4822 reddidit:
1539 4763 1628 4836 quise
1650 4764 1805 4832 proripiens
1823 4771 1919 4834 quanta

1122 4874 1317 4938 putaratrocc,
1334 4862 1464 4932 restingui
1476 4862 1551 4932 ignes
1561 4857 1687 4930 iubebat.
1702 4857 1757 4914 Sed
1774 4871 1862 4927 aeque
1873 4871 1919 4927 per

1125 4956 1268 5012 tumultum
1289 4952 1417 5010 audiendi
1447 4951 1561 5007 incultas
1590 4957 1669 5016 erat,
1685 4963 1774 5020 neque
1795 4947 1917 5018 parcendi

1126 5149 1186 5205 pag.
1202 5133 1267 5200 597,
1283 5149 1391 5190 menses
1403 5131 1591 5189 Macedonicos
1605 5145 1667 5188 curn
1678 5127 1821 5187 Hebraicis
1830 5148 1863 5188 es
1876 5131 1918 5184 io·

1125 5210 1203 5273 septu
1218 5210 1350 5262 scutetrtia
1367 5207 1481 5261 collutos
1493 5203 1612 5259 exbibet.
1626 5199 1763 5257 Ceterum
1779 5200 1850 5258 Laus
1864 5203 1915 5257 lla·

1124 5281 1272 5336 cedouibus
1289 5291 1331 5332 est
1354 5277 1456 5333 metuis
1469 5276 1569 5332 iulius.
1584 5273 1677 5343 Neque
1701 5282 1793 5329 tamen
1815 5287 1916 5330 errasse

1121 5351 1256 5419 putandus
1275 5349 1384 5410 Suidas.
1405 5348 1641 5420 Syrumacauuaes
1662 5359 1782 5416 namque
1806 5345 1916 5408 Lexiro-

1121 5423 1241 5492 graphas
1257 5419 1423 5476 intellexisse
1438 5419 1589 5492 putandas,
1602 5431 1717 5487 quarum
1732 5431 1820 5471 arrruts
1833 5435 1848 5471 a
1864 5417 1916 5472 iia·

1121 5493 1273 5549 cetlonlanu
1288 5509 1383 5547 ratense
1406 5491 1540 5546 anteverti
1566 5489 1636 5559 apad
1652 5487 1775 5543 eruditos
1794 5496 1912 5542 coastat:

1122 5573 1152 5617 ut
1175 5575 1319 5634 propterea
1333 5572 1403 5625 auae
1418 5565 1464 5626 qui
1488 5561 1676 5616 Macedonibus
1690 5565 1734 5613 est
1747 5556 1834 5614 iulius
1847 5601 1853 5621 ,
1867 5559 1914 5630 Sy·

1122 5635 1353 5690 rumacedouibus
1367 5637 1403 5690 sit
1416 5634 1564 5704 Augustas.
1579 5633 1636 5699 Qua
1647 5631 1682 5684 de
1694 5645 1725 5684 re
1738 5630 1808 5687 scite
1821 5629 1912 5686 Fabri·

1124 5707 1182 5762 citts
1193 5707 1220 5762 in
1235 5705 1385 5777 iicaoioqio
1397 5748 1404 5772 ,
1418 5719 1497 5777 pagg.
1513 5703 1560 5770 ts,
1576 5703 1622 5758 ts.
1632 5702 1773 5759 crasans.
