4075 6359
90 286 176 346 etita
535 294 671 357 lttsrott.
693 299 739 360 bii
759 298 901 365 exemto
917 303 1058 369 llllluos.
1079 308 1193 375 ltltms.
1212 312 1280 376 tit.
1298 316 1320 375 l.
1438 370 1441 373 .
1686 331 1760 392 sols

92 398 234 459 liabetur.
261 402 376 475 bianum
391 412 444 475 est,
460 420 512 465 nee
526 422 589 465 eum
603 410 697 481 silere,
709 415 756 487 qui
781 417 946 491 EuryeiisA
962 437 1047 495 propa
1071 426 1214 487 bominum
1241 430 1401 491 conditione
1424 435 1458 494 ad
1485 436 1701 503 miscricordiam
1727 449 1765 506 ii-

95 502 232 565 terupore
246 498 404 555 iuiudaaam
416 502 667 561 transmissuserat
678 505 825 566 ildissiutus
839 512 907 568 ami·
964 518 1018 575 lico
1030 519 1259 581 absolverentur:
1273 527 1391 584 maxime
1405 527 1451 585 ubi
1464 530 1597 589 naturalis
1606 545 1681 593 essct
1693 552 1764 608 gra-

91 599 200 641 corum
214 587 373 658 Alexandri,
387 608 470 664 quem
492 608 540 651 rex
553 598 632 668 quasi
655 601 795 658 conscium
817 611 908 661 tenta·
958 613 1003 669 tiae
1030 618 1221 689 prerogativa.
1244 618 1349 679 beinde
1367 622 1392 679 si
1407 622 1462 680 alla
1489 624 1568 696 corda
1592 627 1762 689 delensioois

93 690 260 738 mentorum
276 682 350 741 iliius
372 684 593 760 interrogandum
622 694 742 764 putavit:
758 703 907 756 utrumne
956 700 1114 763 alexandra
1125 710 1405 787 permitteretur‚quo
1415 714 1524 787 objecta
1536 716 1762 781 laciledissolve·

92 788 298 849 congruerent,
314 795 376 850 quas
388 781 539 853 Spartiates
558 784 591 841 de
602 785 825 847 adolescentibus
838 806 908 849 nuu-
956 806 1008 855 ret.
1023 800 1120 874 ltaque
1130 804 1261 879 relegatis
1271 807 1327 865 illis
1337 810 1365 866 iu
1380 810 1469 869 vicum
1482 811 1670 889 Sidoniorum,
1680 820 1760 892 quasi

93 871 343 930 tiavisset.llerum
360 874 405 933 ille
417 872 485 933 nibil
499 892 530 935 se
544 877 578 935 de
598 877 652 937 illis
673 881 819 955 quidquam
835 884 908 956 ejus·
957 890 1761 986 inpraesentcsaccusatiodirigebatur.0bjiciebanturapa·

94 963 178 1021 nitidi
187 967 359 1039 cognovisse,
371 980 543 1045 sacramento
554 972 806 1046 interpositolldem
816 977 905 1039 lesia:
956 991 999 1041 tre
1008 986 1115 1043 insidiae
1129 989 1181 1048 sibi
1193 1002 1317 1063 paratae;
1334 997 1412 1055 nulla
1428 997 1555 1069 probatio
1570 1002 1755 1078 deferebatur,

94 1058 148 1115 sed
166 1060 389 1120 adolescentibus
405 1065 474 1122 nillil
488 1066 598 1137 proluit.
621 1070 644 1125 l
668 1084 700 1127 se
727 1074 905 1145 questionem
956 1076 1757 1172 nullaindieiatentamentorum3brerebataccusator,quem

95 1153 221 1224 depulit,
246 1170 281 1215 ue
304 1158 441 1216 minueret
460 1159 606 1219 delationis
631 1164 773 1237 iuvidiam,
788 1177 817 1225 et
841 1184 906 1227 eva·
956 1171 1051 1252 nullus
1064 1175 1280 1250 redarguebat.e
1296 1184 1445 1246 liestittttos
1459 1189 1582 1265 trudique
1603 1210 1756 1273 congrega-

95 1255 200 1303 cuaret
218 1247 346 1321 Euryclia
368 1250 587 1323 fraudulentiam,
604 1256 627 1313 si
642 1258 765 1315 severius
790 1260 907 1320 interro-
956 1263 1757 1365 batiuvidiamcontumeliarumiuioriarumgenera,qaae

95 1346 182 1407 gattis
197 1348 319 1412 negaret.
335 1340 418 1410 Quasi
433 1344 559 1417 indignas
574 1347 656 1419 igitur
675 1350 719 1407 cui
733 1351 905 1422 crederetur,
954 1359 1079 1427 graviora
1090 1372 1181 1420 morte
1193 1365 1228 1421 ab
1238 1366 1281 1423 itis
1291 1369 1339 1442 qui
1349 1372 1526 1435 considerant
1536 1382 1753 1445 aestimarentur.
1817 1416 1821 1426 ·

95 1430 134 1485 ab
162 1430 271 1489 Herode
296 1433 463 1492 excluditur.
480 1436 570 1496 Bonus
595 1441 667 1497 enim
684 1452 761 1513 paler
781 1448 905 1504 accurari
956 1449 1010 1509 Sed
1035 1469 1115 1518 nemo
1137 1458 1311 1532 discutiebat,
1333 1482 1416 1525 uerno
1434 1474 1593 1535 examinare
1618 1480 1752 1554 audebat,

98 1524 177 1581 lilios
192 1525 311 1586 libenter
325 1529 469 1601 audiebat,
489 1547 543 1589 nou
557 1532 663 1591 sinebat
677 1534 786 1593 delendi
803 1556 810 1595 τ
827 1538 904 1598 dele·
955 1542 1029 1613 quod
1041 1560 1059 1601 a
1073 1556 1150 1618 patre
1163 1553 1338 1625 arguebatur,
1352 1574 1368 1614 a
1383 1576 1449 1633 rape
1464 1561 1660 1637 imperabatur.
1677 1572 1753 1631 Pra-

97 1618 240 1687 orabatur,
255 1636 317 1677 cum
329 1632 541 1695 appeterentur;
555 1628 755 1700 offendebatur,
769 1632 792 1687 si
807 1646 906 1705 purga·
952 1632 1212 1713 judicabatpietatia
1224 1649 1340 1719 species,
1354 1655 1474 1712 terrebat
1484 1656 1528 1729 jus
1542 1666 1696 1735 potestatis,
1711 1669 1752 1725 in-

97 1720 210 1767 routur.
224 1712 346 1784 lienique
355 1714 370 1745 ⁸
385 1715 498 1787 Spartae
511 1717 613 1775 ditatus
624 1722 762 1793 regalibus
773 1726 903 1797 premiis,
959 1733 1116 1803 terroqabat
1128 1740 1279 1797 sententias
1292 1756 1406 1803 securus
1419 1749 1552 1820 victoriae,
1566 1755 1674 1815 nescius
1684 1760 1757 1833 quod

97 1803 146 1857 rtlsi
166 1814 257 1862 tamen
286 1807 418 1865 Aclvaiam
448 1812 546 1883 attigit,
562 1814 757 1872 calumniarum
784 1818 903 1889 pretium
917 1830 943 1895 Β
957 1821 982 1877 in
998 1824 1134 1895 eiusmodi
1153 1831 1257 1901 judicio
1275 1844 1457 1900 amnnostor
1467 1857 1543 1905 esset
1557 1850 1603 1922 qui
1618 1853 1758 1929 vinceret,

98 1895 161 1951 luit.
175 1896 286 1955 Salotue
298 1914 359 1956 curn
377 1875 495 1973 purpure
509 1918 570 1961 sese
584 1906 799 1981 nequiret,quod
814 1910 906 1984 Sylaeo
955 1931 1037 1987 quam
1052 1920 1094 1977 illi
1107 1922 1154 1993 qni
1172 1933 1227 1982 tam
1246 1930 1345 1991 acerbe
1367 1934 1570 1998 addicerentur.
1592 1944 1756 2009 Saturninus
1879 1964 1882 1968 ’

99 1988 187 2045 Arabi
204 1992 363 2063 pepegisset
376 1995 494 2066 ttuptias,
512 1997 562 2085 ubi.
572 1998 668 2069 generi
683 2013 822 2059 secretum
839 2019 905 2076 pro·
955 2012 1120 2072 condemnat
1132 2019 1332 2092 adolescentes,
1342 2029 1407 2099 quia
1420 2032 1493 2090 aliud
1507 2052 1562 2093 non
1576 2039 1684 2097 licebat.
1700 2042 1756 2101 Sed

101 2080 185 2151 didit,
199 2085 335 2142 monentis
348 2094 379 2143 ut
391 2087 545 2145 consuleret
558 2090 611 2147 sibi
637 2106 692 2163 quo
716 2094 809 2151 iratris
831 2111 906 2153 com-
956 2104 1117 2166 modaretur
1131 2115 1294 2174 mutandam

100 2176 253 2235 motionem
268 2180 406 2249 evaderet,
417 2196 451 2239 eo
465 2182 538 2255 quod
554 2198 603 2256 spe
623 2183 722 2243 lutura
734 2189 906 2261 coniomrtio·
955 2201 1056 2272 emptis
1075 2202 1182 2263 duobus
1196 2226 1230 2265 ex
1245 2212 1332 2274 tribus
1352 2216 1497 2292 iratribus,
1514 2226 1596 2283 tertio
1611 2228 1688 2287 iratri
1710 2247 1758 2290 as-

98 2267 144 2323 nis
158 2270 272 2326 cotrsilia
285 2272 357 2343 reqis
371 2268 469 2331 Arabis
483 2278 648 2335 annuntiare
662 2291 790 2351 suspecta
803 2298 904 2341 accer-
954 2294 1109 2355 criberetor
1123 2315 1199 2359 mors
1210 2303 1338 2364 duorum.
1356 2308 1464 2371 'limide
1479 2316 1609 2388 quidem:
1629 2322 1679 2379 sed
1692 2339 1758 2382 cau·

97 2372 219 2430 serelur,
235 2361 325 2420 delicti
339 2365 457 2437 gratiam
471 2368 580 2433 meruit,
603 2380 632 2426 et
655 2385 764 2429 ornnem
793 2376 905 2433 saevitiae
955 2400 1013 2449 sam
1030 2388 1194 2451 loeutusest

97 2452 199 2520 regalis
231 2452 258 2509 in
283 2454 473 2515 adolescentes
502 2460 651 2530 procellam
682 2465 813 2536 intorsit,
849 2482 905 2540 quo
956 2478 1046 2535 rirttli.

97 2538 198 2601 ultitnb
221 2558 303 2619 alque
326 2547 478 2607 inevitabili
503 2553 645 2625 naufragio
659 2554 779 2614 demersi
808 2572 904 2631 poenas
954 2580 1047 2631 aurem

1299 2162 1307 2187 ,
1322 2125 1473 2184 carendum
1488 2144 1627 2203 asserens,
1643 2151 1678 2194 ne
1693 2151 1757 2210 pcr-

1202 2438 1210 2465 ,
1223 2399 1297 2469 quod
1310 2400 1358 2460 ille
1370 2416 1443 2462 esset
1457 2407 1588 2468 iratribus
1601 2424 1697 2472 auctor
1708 2432 1757 2489 pe·

1063 2482 1156 2542 secuti
1167 2499 1303 2548 suuteum
1314 2496 1392 2565 pauci
1402 2512 1436 2554 ex
1446 2498 1580 2570 pluribus.
1594 2502 1757 2567 Volumnius

645 2726 647 2731 ,
1068 2684 1084 2726 e
1099 2687 1174 2745 rcqe,
1190 2676 1237 2733 tali
1248 2689 1362 2740 auctore
1375 2699 1524 2757 pensantes
1537 2692 1635 2751 mortis
1645 2706 1758 2755 senten·

100 2730 158 2787 vius
174 2731 325 2799 vinculis,a
341 2748 371 2790 se
385 2733 483 2792 iratres
493 2747 676 2808 separantem
691 2742 837 2815 missisque
851 2744 905 2801 llo·
955 2756 1032 2827 tiam,
1047 2758 1158 2820 diverso
1169 2768 1280 2838 quidem
1292 2771 1403 2841 allecto,
1422 2779 1472 2837 sed
1491 2784 1549 2853 pari
1564 2795 1640 2845 sorte
1653 2802 1756 2861 expro-

99 2824 206 2881 luutuio
226 2824 330 2882 militiae
354 2827 495 2899 magistre,
511 2839 593 2901 atque
618 2832 746 2905 Olympio
762 2850 798 2893 ex
809 2837 905 2895 amicis
954 2861 1042 2917 munt,
1058 2854 1157 2924 quibus
1170 2858 1223 2915 boe
1234 2872 1280 2919 attt
1297 2863 1418 2925 adulatio
1430 2879 1586 2933 extorserat
1598 2887 1648 2936 ant
1660 2880 1755 2941 odium

98 2918 184 2989 regiis
197 2918 257 2974 viro
273 2928 423 2991 arguuntur
449 2922 521 2994 apud
540 2921 676 2983 Gaesarem
692 2946 699 2983 τ
716 2939 744 2986 at
759 2928 805 2987 illc
817 2931 905 2989 olten·
955 2939 1104 3013 inluderet,
1125 2957 1156 3003 ut
1168 2960 1215 3007 aut
1229 2954 1301 3027 reqis
1327 2955 1502 3021 affectaretur
1514 2967 1615 3040 qratia,
1634 2963 1682 3031 aut
1694 2990 1758 3049 par·

100 3026 150 3067 sus
164 3012 238 3081 lieet,
250 3011 312 3083 quia
325 3012 443 3085 illorum
461 3018 597 3090 supplicia
612 3030 689 3092 pater
704 3034 841 3094 posceret,
856 3040 905 3083 ne·
955 3033 1048 3090 ricidae
1062 3038 1212 3099 crudelitas
1231 3049 1358 3118 praviore
1376 3068 1457 3125 presta
1472 3056 1643 3134 alliceretur,
1656 3067 1703 3138 qni
1727 3068 1756 3127 in

97 3106 217 3177 pandum
234 3116 323 3164 tamen
346 3110 418 3181 patri
433 3126 490 3169 non
517 3113 668 3172 arbitratus
684 3126 859 3189 potestatem,
876 3123 902 3179 iu
954 3125 1069 3186 victoria
1081 3145 1129 3188 sua
1150 3141 1204 3191 tarn
1219 3152 1343 3199 amarum
1362 3145 1399 3203 de
1421 3164 1452 3206 se
1471 3150 1640 3225 triumpbutn
1659 3174 1756 3234 repor-

873 3220 900 3269 t:
916 3224 940 3290 (ς
956 3219 1080 3279 lavisset.
1094 3224 1183 3285 Nemo
1198 3238 1289 3291 tantcu
1300 3237 1379 3308 quasi
1393 3240 1494 3301 iacttan
1507 3246 1625 3319 borruit,
1636 3262 1664 3310 et

99 3196 202 3254 liberos
212 3212 277 3255 suos
288 3198 362 3256 dedit
373 3200 523 3272 licentiam,
536 3204 584 3262 sed
599 3208 743 3265 consilium
758 3210 869 3282 adjunxi

99 3488 273 3549 preparetur,
290 3486 317 3535 et
329 3479 434 3551 judicio
447 3486 587 3541 communi
609 3489 770 3557 procederet
783 3493 903 3551 interro·
953 3514 1019 3558 nare
1032 3504 1091 3562 siue
1106 3518 1187 3581 teste,
1203 3513 1262 3572 sinc
1276 3514 1376 3587 indice,
1400 3524 1460 3581 solo
1475 3535 1582 3588 naturas
1596 3534 1754 3611 privilegio,

98 3568 195 3641 patio:
211 3576 302 3655 utrum
319 3566 366 3627 ne'
378 3572 478 3645 aliqum
492 3576 562 3647 patri
578 3577 684 3636 lueida
696 3591 798 3653 paratae
813 3586 903 3643 altilis
954 3594 1028 3664 quod
1043 3598 1205 3661 adsalutem
1222 3610 1311 3681 magis
1323 3628 1404 3683 quam
1416 3616 1452 3674 ad
1467 3622 1617 3689 periculum
1631 3626 1755 3691 derivari

100 3662 190 3718 lorout
205 3678 213 3729 ;
227 3670 256 3721 ct
267 3663 291 3720 ai
305 3666 537 3727 convincerentur
559 3670 688 3731 intentati
701 3680 847 3749 parricidii,
864 3681 904 3739 le·
953 3686 1067 3747 soleret.
1082 3697 1214 3769 stupebat
1228 3703 1317 3761 omnis
1327 3706 1405 3779 Syria
1415 3720 1498 3783 atque
1507 3717 1600 3773 omnis
1610 3719 1716 3793 iudaea,
1728 3736 1759 3785 et
1791 3794 1795 3799 ,

101 3754 221 3811 rireutur
236 3771 244 3823 ;
259 3756 301 3813 sin
328 3772 394 3815 vero
406 3758 477 3833 iugae
505 3772 552 3820 aut
573 3764 784 3843 levioriseuipre
806 3788 903 3847 argue·
952 3786 1079 3841 attonitis
1099 3793 1236 3851 mentibus
1252 3805 1335 3855 tauta
1347 3806 1489 3875 tragoedia
1503 3809 1565 3867 linis
1579 3816 1757 3884 exspectaba-

100 3858 206 3916 reutur,
219 3860 296 3907 esset
309 3852 433 3909 vindicta
446 3854 621 3915 moderatior.
638 3859 694 3915 liae
705 3864 837 3933 permissa
850 3865 902 3951 sibi
954 3880 1007 3930 tur.
1029 3878 1159 3947 Quassus
1181 3887 1266 3944 etiam
1285 3902 1350 3949 nota
1365 3907 1439 3954 essm
1455 3899 1572 3959 llerodis
1592 3907 1752 3981 crudelitas,

102 3940 224 3999 llerodes
240 3943 381 4014 patricidii
405 3955 552 4017 potestate,
564 3952 613 4008 sed
626 3952 724 4023 judicii
745 3957 903 4017 conditione
953 3980 1037 4024 nemo
1053 3978 1143 4029 tauteu
1156 3976 1273 4036 credere
1286 3993 1406 4055 poterat,
1426 3990 1499 4060 quod
1515 4008 1602 4067 usquc
1615 3996 1650 4054 ad
1668 4002 1757 4072 parri-

101 4034 182 4091 etiam
198 4036 396 4095 moderationis
406 4038 616 4111 admonitus,ad
629 4044 723 4102 urbem
739 4048 812 4106 illico
825 4048 904 4108 Beri·
953 4058 1054 4117 cidium
1070 4078 1272 4133 perseveraret.
1288 4073 1324 4131 At
1338 4077 1365 4132 ia
1380 4078 1429 4136 illo
1446 4081 1530 4141 edera
1549 4085 1589 4143 tis
1603 4089 1686 4149 animi
1701 4108 1753 4153 nec

102 4126 166 4185 thou
182 4138 321 4201 properat,
338 4144 419 4202 quam
432 4132 539 4203 judicio
553 4134 718 4195 celebranda
730 4141 903 4217 Cesarprae-
952 4154 1034 4222 mari,
1057 4171 1109 4216 nec
1128 4168 1201 4219 terra
1224 4165 1413 4227 cohibebatur.
1433 4173 1527 4247 ltaque
1546 4187 1683 4253 tamquam
1704 4202 1754 4246 usu

102 4222 258 4293 scripserat.
289 4223 462 4282 Conveniunt
486 4229 618 4297 presules
647 4234 846 4304 provinciarum
858 4254 901 4297 se·
953 4245 1190 4325 triumphantium,
1205 4266 1234 4314 ut
1245 4274 1294 4329 per
1302 4260 1411 4321 diserta
1423 4265 1495 4325 lilios
1507 4272 1639 4345 traberet,
1650 4275 1753 4351 'lyram

103 4314 219 4373 cundum
234 4316 334 4389 scripta
349 4318 384 4375 ad
403 4334 434 4376 se
447 4319 511 4377 data
535 4336 551 4378 a
564 4323 689 4397 principe
709 4326 831 4387 Romano
842 4331 900 4389 cm·
952 4340 1048 4399 urbem
1063 4343 1194 4420 inclytam
1205 4352 1282 4422 petit,
1297 4354 1363 4413 indo
1376 4357 1404 4414 iu
1414 4356 1568 4421 Caesaream
1579 4371 1752 4440 transmittit,

103 4421 172 4463 aare.
191 4406 354 4467 Saturninus
368 4411 507 4487 legatique
519 4416 677 4488 considunt,
694 4420 765 4480 inter
787 4440 856 4498 quos
869 4438 898 4487 et
952 4435 1060 4507 navigio
1083 4444 1267 4511 spectaculum
1290 4450 1423 4509 miserum
1448 4457 1587 4525 parricidii
1606 4463 1754 4524 circumle-

105 4510 263 4569 procurator
278 4502 438 4563 Volumnius
454 4505 574 4567 :deinde
589 4512 697 4584 cognati
712 4516 847 4591 amicique
857 4536 901 4579 re·
952 4543 1028 4596 reus,
1050 4531 1137 4591 donec
1153 4535 1230 4593 color
1242 4538 1315 4599 ullus
1330 4544 1519 4607 acerbissima
1538 4553 1614 4612 neeis
1627 4555 1690 4614 liliis
1710 4558 1753 4617 in·

104 4590 268 4663 qis‚Salome
277 4594 395 4653 etiamet
406 4597 551 4671 l’beroras,
566 4610 595 4659 et
607 4602 899 4679 syrtaeprimoreser·
911 4628 938 4691 ῃ
952 4620 1102 4681 veniretur.
1114 4625 1273 4688 llovebatur
1287 4636 1378 4695 omnis
1394 4644 1543 4714 exercitus,
1562 4647 1611 4705 sed
1624 4660 1698 4711 oveto
1709 4654 1752 4712 in-

104 4680 213 4739 ehelaus
239 4686 316 4743 solue
328 4689 466 4762 excipitur
479 4695 494 4737 b
509 4707 543 4749 ex
568 4692 751 4769 Cappadocia,
765 4716 900 4777 suspectas
950 4712 1136 4786 dignationem
1149 4726 1302 4793 premebat.
1315 4730 1382 4789 Erat
1393 4734 1422 4791 in
1434 4740 1642 4817 exercitureqio
1652 4750 1755 4811 veteris

106 4771 131 4827 iu
144 4788 272 4844 generum
286 4782 435 4840 arcessitus
450 4786 556 4857 gratiae,
571 4802 634 4845 cont
645 4804 821 4853 accusatores
831 4798 899 4856 ado·
951 4806 1056 4865 militiae
1069 4811 1111 4867 rir
1123 4812 1197 4889 Tyro
1211 4820 1333 4892 nomine,
1349 4824 1435 4885 liliam
1456 4832 1561 4893 babeas
1572 4839 1751 4913 conjunctum
1814 4840 1818 4845 “

107 4863 265 4923 leseeutium
279 4870 507 4950 insidiatoresque
514 4877 645 4949 iudicium
661 4898 899 4957 repraesentarent.
951 4895 1120 4974 Alexandro,
1137 4907 1395 4981 indulgentissimus
1410 4932 1497 4993 pater,
1512 4936 1597 5001 atque
1617 4934 1654 4991 ob
1665 4951 1697 4994 ea
1709 4939 1755 5011 pi·

105 4956 155 5015 Sed
167 4972 227 5028 quae
235 4956 330 5028 iudicii
343 4967 461 5037 species,
479 4970 524 5027 ubi
536 4972 577 5030 rei
589 4975 686 5033 adesse
701 4977 753 5036 sibi
771 4997 824 5039 non
838 4998 900 5054 per·
950 4993 1030 5063 qnori
1041 5010 1133 5070 carus,
1149 5003 1278 5074 quoniam
1297 5012 1437 5081 popularis
1450 5018 1574 5088 quadan
1589 5024 1698 5096 pietatis
1710 5039 1760 5091 est

106 5048 329 5124 utittebautur,et
343 5058 472 5116 absentes
497 5068 720 5127 accusabantur?
735 5072 900 5134 advertebat
950 5086 1049 5156 qratia,
1070 5099 1099 5147 et
1121 5098 1239 5154 maxime
1262 5099 1291 5155 in
1314 5115 1380 5161 suos
1399 5104 1464 5164 illex
1485 5110 1650 5175 dilectionis.
1672 5120 1752 5181 Circa

106 5140 173 5199 eninr
184 5140 316 5215 llerodes,
333 5150 462 5220 quoniam
475 5154 499 5211 si
514 5162 701 5220 tantummodo
727 5164 895 5239 viderentur,
950 5179 1142 5244 adolescentes
1162 5205 1273 5264 quoque
1288 5193 1361 5254 lilios
1377 5200 1452 5273 repis
1468 5204 1562 5264 studio
1580 5214 1754 5286 propensior,

954 5314 1053 5374 eadem
1069 5322 1160 5392 phrasi
1174 5326 1294 5385 trtiturin
1307 5332 1387 5404 epist.
1400 5336 1455 5407 ll,
1471 5340 1505 5399 ad
1519 5342 1754 5423 Valentinianum,

838 5450 844 5463 Ι
952 5400 981 5442 n.
1000 5404 1025 5443 t:
1043 5390 1116 5466 Setis
1131 5398 1198 5453 eadm
1213 5399 1313 5472 inquit,
1334 5406 1429 5465 clareit
1449 5428 1479 5468 eo
1496 5414 1552 5488 ipso
1573 5421 1757 5496 qaodalipaat

787 5490 795 5519 ,
847 5466 900 5509 nus
951 5458 1008 5515 dies
1024 5473 1139 5523 retentas
1154 5485 1211 5525 aava
1226 5472 1298 5529 iutra
1310 5475 1431 5550 Gallias,
1446 5500 1489 5541 raa
1502 5502 1633 5548 vonmrrt
1647 5508 1753 5553 atxrao

951 5544 1002 5587 nou
1015 5538 1157 5607 recepisse.
1175 5549 1229 5599 etc.
1249 5543 1328 5613 Quod
1343 5551 1456 5622 quidem
1471 5566 1499 5612 et
1517 5556 1645 5619 Sallustio
1658 5574 1686 5621 et
1701 5566 1756 5625 Ta·

138 5562 211 5621 ella.
236 5571 372 5629 seleutiam
400 5578 477 5651 repis.
505 5579 591 5639 Bana.
606 5614 642 5626 -
661 5584 828 5661 Gronovius,

840 5594 900 5649 lde·
951 5599 1005 5657 cito
1017 5602 1100 5663 debet
1109 5609 1415 5690 Ambrosiusaquorum
1429 5625 1476 5683 lile
1495 5624 1615 5686 Valentia
1650 5635 1754 5707 istila-
1876 5635 1880 5642 ’

109 5636 186 5693 nobil.
205 5654 265 5711 pap.
278 5643 342 5712 lla,
356 5660 390 5703 ex
408 5650 575 5711 membranis
590 5654 648 5712 suis
662 5660 765 5729 optime
779 5673 835 5720 rest

838 5664 900 5723 ituit
950 5675 1618 5773 ceradixit:alterPleiicolenliap‘aere5etalibi,
1659 5708 1752 5771 aduae

107 5708 209 5779 solantia
234 5714 298 5784 rapi.
314 5714 414 5775 lterum
437 5722 506 5780 inira
528 5739 590 5795 cap.
605 5728 656 5785 tl:
677 5732 789 5789 eredidit
812 5736 899 5807 itaqua
949 5746 1091 5807 sokadcr

108 5781 180 5853 nupia
194 5781 315 5841 solestia.
339 5786 470 5853 Nimirum
494 5794 601 5855 decidii
620 5810 716 5879 auctor
736 5803 899 5867 Ambrosius
1091 5768 1241 5828 mm·
1254 5758 1376 5821 nm·
1489 5811 1496 5817 ·
