4075 6359
101 308 180 380 'mos
545 304 679 376 steron.
700 314 747 373 os
767 302 907 372 atcttto
923 301 1059 373 ustos.
1080 314 1183 379 unuts
1200 318 1267 379 tte.
1286 308 1332 381 tit.
1690 314 1763 392 root

105 458 203 501 eorrnu
215 459 260 502 res
271 443 460 511 inclinabatur,
474 455 507 501 eo
520 440 635 513 amplias
649 442 676 497 in
694 442 797 499 bellom
813 458 912 500 accerr-
925 434 950 495 Α
965 448 1108 527 ingeram
1122 453 1146 508 si
1158 448 1246 507 parali
1257 450 1408 507 certamine
1418 460 1432 489 ι
1444 448 1592 521 cederent,
1606 450 1702 509 orbem
1718 468 1763 510 re·
1781 458 1788 471 '

104 534 256 593 debantur.
276 534 326 593 Ubi
343 534 405 593 finit
429 550 492 592 8⁵8⁰
516 534 668 603 debuerit,
684 534 747 591 ilde
759 536 900 592 emidium
958 546 1096 615 viserent,
1123 546 1263 617 murisque
1287 558 1349 600 sese
1374 544 1556 601 ambientibus
1570 542 1756 600 defensarent.

105 628 245 683 ntalerum
279 628 480 697 capessebatur.
502 627 569 685 llam
600 628 767 697 sapientibus
801 630 907 689 aduersi
956 634 1758 709 Consimiliautrobiquepraesidia,velluurbe'liberiade,

104 722 198 778 exitus
213 736 316 787 rernm,
332 722 365 778 ad
381 720 531 779 cavendum
542 722 628 793 magis
643 722 805 779 documenta
822 734 906 791 strui,
957 728 999 785 rel
1015 728 1168 786 Taricheis.
1190 728 1245 787 Sed
1267 726 1413 787 'laricbcls
1435 724 1450 768 b
1466 728 1620 800 perniciora
1633 727 1761 798 ingenia:

105 830 140 871 nc
154 832 252 873 rursus
265 814 360 871 eadem
384 815 508 872 accidant
521 830 583 886 oute
595 816 650 887 iam
665 816 736 874 male
751 826 906 874 cesserunt:
958 822 1045 879 muris
1057 822 1174 879 validior
1189 818 1353 879 tiberiadis.
1369 821 1422 879 sed
1436 832 1464 878 et
1476 818 1673 878 'laricbcornm
1687 820 1762 876 luror

104 908 781 979 imprudentibusautemincentirummiseriarum.
797 910 907 969 llcbue-
959 912 1122 984 promptior,
1135 923 1164 970 ut
1175 914 1197 969 si
1208 922 1413 981 necesseessct,
1426 915 1573 971 miscerent
1584 914 1694 971 orunla:
1711 926 1761 968 na-

104 1012 147 1058 rat
158 1016 226 1073 ergo
236 1000 490 1075 llierosolymitanis
498 1016 577 1059 cansa
587 1004 743 1059 sobrietatis
750 1018 811 1059 esse
821 1003 910 1060 socio·
960 1004 1031 1060 salia
1055 1007 1172 1063 terrenis
1184 1006 1347 1076 certamina,
1363 1015 1471 1065 terrena
1486 1007 1621 1065 classicis.
1639 1007 1763 1077 bematis

103 1108 166 1148 rura
180 1094 331 1163 periculum
345 1110 352 1146 τ
367 1094 415 1149 scd
424 1095 486 1168 qttia
502 1096 650 1151 noluerunt
660 1094 812 1168 intelligere
823 1104 852 1151 ut
862 1094 909 1152 be-
960 1096 1166 1167 circumvallati,
1179 1098 1292 1155 adversa
1305 1100 1444 1168 acle,cum
1455 1100 1561 1172 ruaiora
1575 1098 1708 1155 auderent
1724 1100 1764 1153 ri-

105 1201 140 1241 ne
154 1194 292 1258 agerent,
310 1188 336 1242 iu
352 1186 465 1243 erilium
481 1188 564 1245 vertit
578 1186 665 1263 (Psoi.
675 1204 757 1255 artu,
771 1186 809 1261 l).
960 1186 1048 1257 ribus,
1070 1204 1122 1247 nec
1141 1190 1273 1247 adsersus
1286 1190 1475 1262 dispositionis
1490 1190 1622 1248 Ronlanae
1636 1190 1763 1247 modera-

395 1276 512 1335 carui
535 1276 620 1336 xxii.
961 1282 1051 1351 mitta,
1068 1284 1189 1340 rctcranl
1205 1284 1458 1356 quoqueexetcitus
1470 1284 1597 1342 uirtutem
1614 1283 1762 1355 qtridquant

144 1366 331 1440 Vespasianus
357 1380 468 1439 tamen,
486 1378 515 1427 ut
529 1380 557 1429 et
583 1374 641 1445 ipsa
668 1386 745 1429 mora
762 1372 788 1427 in
813 1374 909 1429 mellus
961 1376 1102 1431 temeritas
1117 1386 1308 1448 promoveret;
1324 1376 1592 1447 prinspnamaliquid
1611 1372 1687 1432 esitii
1699 1373 1764 1431 sub

105 1462 267 1521 consrleret
285 1462 338 1521 sibi
350 1505 358 1529 .
372 1471 401 1521 et
414 1478 430 1520 a
444 1464 538 1522 labore
552 1467 689 1523 exercitus
704 1466 844 1537 paulisper
867 1482 912 1525 re-
963 1466 1046 1537 irent,
1067 1470 1138 1526 versi
1162 1468 1189 1525 in
1202 1469 1304 1541 lugam,
1317 1470 1350 1526 acl
1366 1484 1449 1526 nares
1460 1470 1650 1528 convolavere.
1660 1470 1765 1539 Quibus

103 1558 273 1627 quiesceret,
291 1558 398 1629 roganti
411 1560 495 1616 cessit
509 1560 651 1631 agrippa,
666 1570 696 1615 ιιι
711 1558 738 1614 in
752 1558 819 1617 orbe
835 1560 911 1631 regni
962 1559 1094 1617 consertis
1108 1604 1115 1631 ,
1131 1569 1268 1633 umquam
1283 1560 1397 1618 densata
1409 1560 1470 1618 acic
1485 1562 1679 1632 probabatur,
1694 1576 1728 1619 ac
1740 1562 1765 1618 sl

105 1651 166 1720 ejus
179 1649 313 1709 Caesaries
327 1652 446 1725 Philippi
463 1654 556 1727 viginti
574 1654 632 1713 lere
643 1656 830 1726 interponeret
840 1654 910 1721 dies,
963 1656 991 1713 ln
1007 1656 1088 1713 terris
1099 1670 1179 1711 manu
1195 1671 1239 1713 res
1252 1664 1405 1729 gereretur.
1421 1653 1450 1711 lu
1464 1668 1561 1727 canipe
1572 1656 1654 1711 etiam
1671 1654 1764 1711 molti·

107 1744 189 1801 sinrul
205 1752 236 1802 ut
247 1762 318 1819 aegra
331 1749 449 1820 partium
464 1748 524 1820 ejus
534 1762 549 1803 a
560 1748 752 1805 commotionis
765 1758 792 1805 et
806 1746 910 1805 discor·
964 1750 1030 1807 todo
1045 1750 1251 1808 inrrttmcrabilis
1270 1748 1605 1823 bostempraestolsbatur.
1616 1749 1657 1806 lio
1671 1748 1766 1821 cogni·

107 1836 161 1895 dite
176 1838 270 1896 lurore
283 1840 490 1911 resipiscerent,
501 1840 547 1912 ptri
557 1854 588 1897 se
603 1840 756 1897 interventu
768 1842 839 1914 regis
851 1856 912 1898 sus·
925 1822 950 1886 ¹
965 1855 992 1903 to
1006 1842 1091 1902 lilium
1104 1860 1165 1902 cunr
1181 1844 1295 1901 delectis
1308 1840 1447 1917 equitibus
1460 1840 1645 1915 Vespasianus
1655 1838 1764 1897 direxit.

106 1933 161 2003 cipi
178 1946 261 2005 posse
273 1975 281 2001 ,
293 1934 316 1990 si
330 1942 578 1999 converterentur,
595 1948 744 2005 agnoscere
756 1934 909 2003 deberent,
962 1941 1012 2010 eri
1028 1940 1072 1997 nbi
1088 1956 1119 1998 sc
1137 1938 1291 2013 ingentibus
1305 1936 1499 1996 circumlusnm
1513 1936 1600 2009 copiis
1629 1934 1716 2003 vidit,
1731 1934 1765 1991 ad

107 2040 169 2081 cum
193 2036 248 2081 taor
275 2026 367 2083 sedula
382 2026 534 2083 olllciorum
559 2026 660 2084 loedera
681 2028 752 2086 inter
778 2042 870 2100 regem
884 2038 912 2087 ct
962 2046 1066 2105 patrem
1082 2034 1190 2109 qrridern
1203 2030 1646 2107 retulitnraioremesschostium
1670 2028 1764 2085 uuolti-

108 2118 246 2175 llonrauos
274 2120 481 2176 intervenirent.
504 2120 627 2192 lienique
650 2120 910 2195 liberiasproxima
962 2126 1096 2192 tudinem,
1110 2140 1190 2198 quam
1202 2126 1294 2196 opinio
1305 2122 1567 2198 comprcoendcrrt:
1592 2120 1763 2179 scdeenvo·

108 2215 241 2270 Cesarea
261 2214 606 2289 remedinmnonabnult,
631 2217 774 2274 sanitatem
796 2219 909 2273 invenit.
962 2220 1030 2276 eatis
1053 2236 1121 2291 quos
1148 2234 1240 2276 sccrrtn
1261 2220 1428 2290 deduxerat,
1454 2216 1574 2278 bellandi
1596 2216 1763 2275 incentivum

107 2308 172 2364 liam
186 2310 285 2381 etipsa
305 2310 380 2381 grati
395 2310 491 2367 morbo
505 2310 665 2367 dissidentis
686 2312 758 2367 inter
772 2327 802 2369 se
822 2312 909 2384 piebis
963 2314 1117 2387 istiusmodi
1132 2313 1251 2387 alloquio
1265 2313 1373 2371 inludit.

107 2402 289 2475 constipabat.
305 2402 383 2461 Unde
398 2402 583 2475 Vespasianus
596 2414 652 2460 tres
667 2402 781 2460 ordines
794 2402 911 2461 validio-
1240 2404 1358 2465 catut
1386 2402 1485 2463 xxiv.

107 2512 153 2553 res
166 2496 262 2565 acciri,
280 2506 308 2552 et
318 2495 507 2569 scythopolim
524 2504 637 2566 petere,
659 2496 764 2553 directo
777 2496 804 2551 in
830 2512 912 2569 nego·
1001 2498 1074 2567 Viri,
1091 2500 1197 2572 inquii,
1210 2498 1346 2569 Romani,
1360 2501 1518 2558 meminisse
1531 2500 1605 2557 enim
1618 2501 1704 2558 uestri
1717 2514 1766 2556 tos

109 2594 175 2647 tium
190 2590 247 2647 lilio
262 2591 398 2647 decernit.
414 2590 452 2647 lta
468 2599 526 2646 crat
540 2588 755 2647 decetnurbium
777 2592 909 2661 maxima,
963 2591 1082 2647 nominis
1096 2602 1122 2648 et
1134 2593 1243 2663 generis
1254 2592 1424 2663 praeliaturos
1437 2594 1526 2658 decet,
1540 2610 1656 2667 quorum
1668 2608 1766 2651 manus

108 2682 196 2739 uicina
207 2682 373 2737 tiberiadis.
387 2680 453 2737 lude
463 2681 684 2753 appropinquare
694 2682 779 2739 muris
789 2682 912 2739 Valeria·
964 2700 1045 2741 nemo
1059 2682 1153 2757 eiiugit
1179 2688 1224 2758 qui
1239 2687 1266 2743 in
1281 2686 1347 2745 orbe
1366 2686 1490 2743 Rrrmauo
1513 2698 1565 2745 est.
1587 2686 1666 2745 [lude
1692 2687 1766 2744 enim

109 2790 173 2829 nom
186 2790 249 2831 cum
262 2774 460 2846 uttinpuaginta
480 2773 703 2845 entritilrusjubet
716 2818 723 2842 ,
738 2776 782 2846 ptri
800 2777 911 2847 pactiles
964 2770 1016 2830 boc
1039 2789 1138 2832 rronren
1154 2778 1288 2833 universis
1303 2779 1384 2833 terris
1407 2776 1458 2835 nisi
1472 2779 1607 2835 tirrccndo
1630 2776 1768 2835 dedistis?

110 2868 248 2934 suaderet,
265 2877 293 2923 et
308 2866 342 2922 ad
358 2866 439 2922 tidem
455 2867 595 2923 societatis
609 2870 719 2924 clausos
734 2878 865 2934 uocaret,
881 2878 912 2925 nt
964 2874 1121 2931 Meminisse
1132 2874 1215 2932 etiarn
1230 2873 1282 2931 loci
1296 2879 1404 2945 oportet
1414 2915 1422 2940 ,
1434 2872 1460 2927 ln
1477 2886 1531 2945 qtro
1546 2886 1618 2928 nunc
1631 2871 1712 2941 sitis,
1737 2878 1766 2927 et

109 2960 267 3034 congregati
283 2961 419 3017 exercitus
434 2970 531 3029 terror,
541 2975 653 3017 aversos
663 2962 834 3038 percelleret,
844 2978 912 3019 nun·
964 2968 1107 3026 adversum
1120 2985 1188 3042 quos
1199 2967 1352 3025 Romanum
1363 2967 1462 3024 bellum
1472 2966 1584 3038 geratis.
1597 2966 1626 3022 ln
1640 2974 1764 3023 extrema

111 3056 164 3111 tius
185 3056 261 3125 pacis
276 3054 399 3111 nolentes
413 3056 549 3111 invitaret.
565 3054 727 3111 Valerianus
751 3070 837 3128 prope
851 3072 911 3111 mtt-
966 3063 1038 3121 eninr
1063 3072 1139 3135 parte
1152 3061 1226 3119 orbis
1242 3071 1374 3117 terrarum
1396 3058 1584 3117 consistimus.
1598 3057 1684 3115 Tanta
1699 3072 1766 3129 ergo

110 3164 156 3207 ros
170 3166 241 3222 crpuo
267 3148 386 3205 desiliit:
401 3150 497 3205 udatur
510 3147 601 3205 iecere
615 3150 697 3205 etiam
709 3150 726 3204 ii
740 3192 748 3217 ,
765 3151 809 3219 qui
832 3149 912 3205 sintul
966 3160 1100 3211 terrarum
1113 3156 1200 3224 spatia
1213 3160 1401 3220 transeuntes,
1418 3152 1484 3208 tritril
1498 3150 1617 3209 alicuem
1640 3150 1763 3207 uidistis.

111 3245 222 3317 propius
244 3252 430 3301 accesserant.
446 3244 521 3313 eros
544 3260 594 3314 pro
609 3258 724 3300 nuntera
738 3246 910 3315 spernendos
924 3218 948 3282 C
964 3246 1035 3316 Quid
1047 3246 1210 3303 enimvobis
1223 3246 1353 3314 alienum,
1369 3260 1483 3316 quorum
1495 3246 1521 3300 in
1534 3242 1709 3316 possessione
1718 3256 1766 3297 or-

110 3339 244 3407 arbitrati,
256 3338 336 3395 lesus
347 3337 518 3410 praedatoriae
526 3354 622 3393 manus
637 3340 775 3410 prinecps,
786 3340 915 3398 cumanis
967 3339 1009 3396 bis
1025 3349 1159 3395 terrarum
1174 3338 1237 3395 csil
1247 3338 1382 3410 Quidquid
1398 3336 1500 3410 ubique
1511 3346 1564 3401 cst,
1586 3342 1632 3407 jas
1644 3345 1765 3392 restrum

110 3432 154 3499 ptri
166 3431 421 3497 pariterlacessere
431 3430 503 3493 ausi,
517 3430 656 3501 repentina
667 3430 811 3502 eruptione
820 3430 916 3489 detur·
965 3440 1028 3490 cst:
1050 3431 1182 3505 quidquid
1205 3432 1339 3488 incolatus
1353 3432 1542 3487 uniuersorum
1558 3438 1642 3497 tenet,
1657 3442 1768 3501 posses-

110 3522 175 3579 bant
189 3509 264 3592 loco,
275 3522 468 3594 caedentesque
478 3524 560 3580 simul
574 3524 916 3598 quusdedoaeranteqooa
964 3528 1006 3585 sio
1022 3536 1111 3583 vestra
1127 3538 1179 3584 est.
1197 3522 1355 3583 esurietis
1366 3525 1390 3580 is
1401 3526 1481 3592 berte,
1496 3524 1542 3597 qui
1554 3522 1646 3578 statuit
1659 3530 1769 3577 nestros

111 3613 287 3673 itriolarere:
302 3616 446 3673 dementes
459 3619 505 3687 qui
520 3632 574 3672 non
588 3618 785 3686 adverterent,
802 3620 915 3675 eottsul-
965 3622 1032 3679 orbe
1043 3629 1099 3678 toto
1114 3628 1257 3679 eumentes
1271 3619 1423 3691 triomplros
1436 3660 1443 3685 ,
1457 3630 1525 3689 nutis
1545 3632 1598 3672 non
1612 3614 1765 3671 llasdrubal

113 3711 167 3766 tius
179 3710 358 3769 Valerianum
371 3712 489 3769 cessisse
503 3711 671 3778 insolentiae,
689 3728 769 3785 qum
781 3714 867 3783 spolia
879 3713 915 3769 de
965 3712 1076 3781 Poenus,
1094 3729 1147 3770 non
1163 3711 1284 3785 Pprrbus
1297 3710 1435 3776 AEacides,
1451 3726 1503 3765 non
1514 3710 1639 3765 Brennus
1652 3708 1764 3777 Capita·

113 3802 209 3877 bisam
224 3820 321 3877 pacem
337 3804 506 3871 ollerebatrt,
523 3807 708 3877 usrrrpavisse.
725 3806 844 3877 lteuitpm
869 3822 916 3863 se-
965 3806 1029 3862 liois
1042 3805 1184 3863 restibulis
1209 3804 1381 3873 incumbens,
1395 3818 1448 3859 non
1468 3802 1611 3859 Persarum
1625 3812 1764 3864 cateruae,

114 3898 201 3955 uiorer
211 3899 309 3957 aiensi
318 3897 709 3964 laeserisacerbitatemrbem
717 3900 913 3970 relinquentes,
966 3914 1018 3953 non
1035 3897 1170 3971 AEgyptiae
1186 3898 1333 3969 phalanges
1343 3902 1464 3952 statuere
1476 3892 1698 3969 potueruntllos
1711 3900 1768 3949 sta·

113 3991 147 4049 ati
161 3992 360 4065 Vespasianum
372 4000 513 4063 precatam
536 4006 646 4056 tencre,
663 4006 696 4047 ne
712 4006 860 4062 paucorum
873 3991 915 4046 in-
967 3990 1018 4045 tuit
1031 3990 1142 4046 rebellis
1168 3988 1273 4056 iudan,
1300 3988 1462 4043 ineruditam
1483 3984 1630 4058 praelerens
1645 3986 1766 4042 bellandi

114 4087 229 4145 solentis
250 4087 384 4143 unitatae
416 4085 491 4157 plebi
516 4084 708 4141 ascriberetur.
732 4083 917 4155 Vespasianus
967 4086 1164 4153 temeritatem,
1180 4086 1446 4157 rixaepuampugnae
1460 4084 1559 4155 aptior.
1574 4080 1670 4157 Neque
1691 4082 1767 4141 enim

115 4178 188 4237 illico
202 4180 236 4238 ad
252 4182 349 4237 urbem
362 4178 509 4250 Traianum
524 4177 624 4235 direxit
636 4220 643 4243 ,
657 4186 688 4233 ut
699 4178 874 4248 exploraret,
891 4176 917 4233 si
966 4192 1005 4239 est
1024 4180 1096 4252 quod
1112 4194 1220 4244 vereor,
1246 4179 1294 4235 scd
1309 4178 1417 4249 plerrrtm
1434 4174 1607 4233 verecundie
1633 4176 1765 4241 arbitror,

116 4277 230 4346 popilius
251 4273 441 4331 insidiatorum
455 4272 637 4329 temeritatem
663 4270 863 4327 adversaretur.
879 4270 917 4327 tit
967 4274 1040 4349 quiid
1062 4290 1111 4331 ros
1125 4273 1259 4329 vincendo
1283 4270 1481 4343 defatigamini.
1495 4269 1538 4327 llll
1551 4278 1642 4327 autem
1658 4270 1769 4342 quoties

116 4366 162 4425 ille
176 4367 369 4425 convenientia
383 4366 479 4439 popuii
494 4366 601 4433 stude,
626 4366 765 4422 seniorum
788 4365 918 4438 precibus
967 4372 1123 4439 ritrcuntur,
1140 4368 1281 4426 audaciam
1294 4382 1454 4438 sumpsere:
1472 4362 1486 4403 ‘¹
1502 4366 1595 4421 lassati
1609 4380 1669 4431 tos,
1684 4364 1768 4421 rebus

117 4464 301 4527 mumistia,
322 4462 403 4520 fldem
419 4461 548 4531 litationi
561 4460 756 4518 mimihilt·
768 4459 808 4517 1¹²
821 4470 916 4531 pelen·
967 4466 1116 4531 sccundis,
1138 4480 1200 4520 cum
1212 4464 1249 4519 illi
1265 4462 1387 4519 adversis
1408 4460 1534 4516 duriores
1558 4458 1624 4513 sint.
1640 4454 1768 4514 attollite

118 4554 190 4613 timis
204 4558 282 4615 venia
295 4556 377 4613 data:
394 4556 513 4613 manime
524 4555 587 4627 piria
599 4554 746 4611 sollicitum
758 4570 852 4625 regent
865 4569 914 4624 pau
967 4561 1051 4633 igitur
1065 4559 1181 4626 artimus,
1197 4557 1314 4613 Romani
1327 4554 1388 4625 riri,
1398 4552 1565 4611 etadtcrsus
1577 4560 1705 4608 cateruas
1719 4549 1769 4607 bo·

119 4650 200 4709 iatius
215 4652 291 4709 urbis
303 4659 376 4709 statu
389 4650 574 4722 Vespasianus
586 4649 750 4708 intuebatur.
767 4648 853 4722 Cujus
863 4617 956 4706 litisD
969 4654 1061 4720 stium,
1084 4648 1146 4707 lrcti
1163 4650 1248 4719 patria
1264 4649 1375 4715 uirtute,
1391 4648 1540 4719 exsurgite.
1555 4644 1648 4719 licque
1659 4660 1707 4701 ros
1719 4661 1768 4701 nu-

120 4741 289 4815 intcrposita,
305 4744 372 4800 nibil
386 4742 438 4800 tale
451 4756 567 4801 ausuros
580 4748 688 4815 postea,
698 4741 789 4799 delicti
802 4742 918 4815 gratiam
970 4760 1061 4801 meros
1077 4750 1184 4799 moreat
1209 4740 1296 4813 plebis
1317 4740 1438 4807 iudaeae,
1452 4754 1514 4795 eum
1529 4738 1590 4795 illos
1605 4746 1646 4794 tot
1667 4747 1769 4795 restrae

120 4834 317 4895 rulertscesait.
970 4839 1040 4893 nirtn
1055 4837 1077 4894 is
1093 4834 1207 4908 insignia
1223 4851 1276 4891 non
1300 4834 1476 4902 deterreant,
1490 4848 1552 4905 quae
1562 4830 1644 4903 longe
1655 4844 1771 4889 numero

402 4928 518 4989 catut
537 4929 634 4987 xxiii.
970 4928 1102 4987 validiora
1117 4934 1190 4984 sont.
1205 4927 1297 5001 Neque
1312 4925 1384 4983 enirn
1405 4924 1458 4982 nlla
1473 4926 1500 4981 in
1516 4924 1640 4982 llebneis
1663 4926 1705 4981 rei
1728 4924 1770 4981 rei

156 5020 222 5081 lude
241 5022 391 5081 lauicos
415 5023 627 5095 sollicitoatque
652 5023 786 5079 instructo
809 5022 918 5094 agmine
970 5022 1096 5078 militaris
1105 5019 1281 5085 seientla‚rel
1290 5018 1428 5090 praeliandi
1439 5016 1600 5090 peritia,rel
1611 5014 1772 5073 moderandi

121 5117 199 5183 petit,
214 5132 247 5175 eo
263 5118 334 5189 quod
360 5116 507 5188 plurimum
523 5117 557 5173 ad
581 5118 666 5187 ipsam
693 5114 787 5171 urbem
806 5125 918 5186 propter
969 5115 1076 5187 gratia,
1093 5113 1184 5169 nullos
1196 5111 1347 5184 disciplina
1363 5125 1449 5179 usus,
1466 5110 1540 5167 nulla
1567 5108 1701 5166 tolerandi
1723 5120 1771 5177 pa-

122 5210 302 5268 utsuitiouesa
323 5210 375 5267 loci
388 5208 560 5265 confluxerat
581 5208 783 5265 multitudinis:
799 5216 827 5264 et
853 5208 918 5278 ouis
972 5210 1078 5268 ticutia.
1090 5207 1184 5265 Solum
1197 5208 1225 5263 in
1240 5208 1365 5279 praelium
1380 5205 1511 5262 dcieruut
1525 5204 1620 5259 mortis
1630 5210 1774 5271 contemp-

123 5314 200 5355 rnsro
212 5316 272 5359 mm
285 5303 433 5359 ralbterat
445 5301 601 5372 lossplrus,
618 5300 671 5357 arisi
684 5315 739 5372 qua
749 5300 920 5371 pedestribus
971 5314 1045 5359 tunt:
1060 5301 1107 5358 sed
1124 5316 1205 5357 nemo
1218 5316 1345 5371 umtpuam
1360 5298 1501 5355 moriendo
1517 5298 1581 5354 uicit
1591 5296 1710 5359 bostem,
1722 5292 1771 5347 sed

124 5391 194 5449 ἰιιιίι
209 5395 342 5455 Generosi
357 5398 434 5455 lactu
446 5397 574 5453 fluctibus
590 5395 752 5460 alluebatur,
767 5394 831 5451 ideo
844 5392 920 5449 naui·
972 5394 1143 5470 perimendo.
1168 5394 1207 5449 llli
1224 5394 1351 5450 nesciunt
1364 5408 1439 5448 arma
1451 5392 1503 5447 nisi
1518 5392 1544 5445 in
1559 5386 1651 5453 bello,
1676 5398 1726 5438 nos
1745 5382 1773 5438 ln

124 5488 176 5557 aiis
189 5490 370 5563 congregatis,
386 5504 487 5561 arrreps
504 5488 603 5547 bellum
628 5488 769 5543 irestelrat.
786 5486 815 5544 st
836 5496 922 5542 terre·
972 5504 1038 5561 pace
1053 5489 1136 5543 armis
1151 5502 1323 5554 exercemur,
1336 5495 1366 5541 ut
1380 5485 1407 5540 in
1423 5484 1494 5539 lrcllo
1509 5496 1588 5537 casus
1599 5478 1665 5534 belli
1675 5474 1774 5531 dubios

125 5593 187 5635 nrrm
204 5584 345 5639 inclinaret
360 5583 502 5639 adversum
518 5596 547 5636 se
558 5578 694 5650 praelium,
710 5578 743 5634 ad
756 5592 838 5635 uates
852 5592 917 5635 cou·
972 5595 1027 5637 non
1040 5582 1200 5638 sentiamus.
1216 5578 1332 5637 insuetis
1346 5578 1419 5635 enim
1433 5570 1633 5632 eresttudnbii
1644 5586 1651 5624 ι
1664 5576 1775 5624 reters-

161 5685 175 5713 ⁸
195 5676 414 5735 Foriecadorsst
425 5677 566 5735 Guttae.
981 5712 1037 5727 .....
1052 5674 1100 5731 ltor
1114 5675 1203 5729 statuit
1217 5674 1320 5728 reicitis
1329 5668 1474 5725 ludaeolta
1488 5682 1504 5722 e
1541 5664 1614 5720 min
1628 5662 1772 5733 legendum

161 5746 175 5785 ¹³
195 5748 388 5805 Petilliam-n..
404 5764 504 5802 usurus·
521 5747 610 5807 Bata·
975 5756 1057 5815 atque
1072 5746 1318 5815 interpungendum
1333 5743 1493 5797 existimare
1549 5778 1555 5791 .
1579 5736 1717 5790 betatap.

164 5828 175 5857 e
195 5820 343 5875 Currebatis
354 5820 433 5873 tene:
448 5819 504 5885 riuis
516 5818 606 5872 statuit
618 5824 713 5869 uestros
727 5815 787 5869 orie
797 5823 850 5870 taio
864 5832 922 5869 cur·
1014 5815 1027 5853 ὓ
1049 5817 1165 5872 bassati.
1177 5816 1262 5871 Brun.
1653 5836 1658 5844 ¹

129 5900 208 5947 tentes
221 5890 387 5961 triumpltorl
401 5890 472 5957 Quos
484 5905 536 5942 nott
546 5889 636 5943 statuit
658 5884 805 5941 Hirsdrulul
831 5884 927 5941 Poertua
