4075 6359
117 361 191 416 alti

553 359 689 416 ursaon.
713 360 756 416 us
777 341 917 416 exutum
938 349 1075 416 aranos.
1098 360 1199 418 uaers
1217 362 1282 418 ure.
1304 362 1338 418 v.

1699 367 1771 424 stes

115 473 313 545 gemiscentes,
334 469 440 529 bostem
455 475 607 546 ingressum
627 474 838 530 arbitrabantur.
853 468 952 536 Ple-A
968 489 1002 529 au
1016 469 1198 530 Ιἰιιιιιιιιιι
1209 475 1398 551 incertumst
1409 470 1529 533 reseraia
1543 489 1631 548 porta,
1645 483 1769 552 eruptio·

969 567 1011 620 nis
1032 565 1082 621 sibi
1097 566 1203 636 copiam
1223 567 1301 623 daret
1315 585 1321 622 :
1337 584 1390 640 quo
1415 573 1570 643 lmpetrato,
1589 562 1713 628 infudere
1738 587 1768 628 se

966 659 1039 727 genti
1062 654 1217 725 llednrum3
1231 669 1259 714 et
1273 658 1425 730 impetratis
1446 663 1521 719 brevi
1536 660 1675 720 velocibus
1691 662 1767 735 equis

967 759 994 804 et
1008 746 1069 802 aliis
1083 751 1185 819 pariter
1197 744 1231 805 ad
1245 747 1385 808 dexteram
1403 755 1489 820 nexis;
1506 753 1533 810 io
1548 769 1617 826 quos
1633 763 1682 825 per
1696 750 1770 810 vices

966 855 1027 894 curu
1045 841 1116 897 foret
1134 844 1239 899 libitum
1253 845 1404 912 desilirent,
1421 856 1502 902 toutm
1520 865 1603 919 prope
1625 851 1765 919 regionem

113 565 196 635 rique
213 575 351 636 tamquam
365 567 421 636 iam
436 568 470 624 de
480 568 666 638 superioribus
683 573 844 638 pugnantes,
860 565 915 622 lio·

113 671 213 714 nrartos
240 659 332 716 videre
360 661 412 715 sibi
440 659 604 716 ridebantur
629 677 636 714 ι
661 657 732 728 ιμιιιι
759 659 916 713 rnetnebant

114 753 220 819 aniano,
239 749 325 808 oeulis
342 749 564 823 praefigurabant,
580 765 607 808 et
621 755 722 808 mentis
737 769 819 824 pavor
833 751 915 808 fiebat

114 843 207 915 imago
219 847 306 900 visns.
322 845 444 916 [lenique
460 861 510 916 pro
522 856 599 901 certo
609 844 665 916 jam
681 846 786 900 bostem
801 843 914 900 cervici-

111 935 167 992 bus
191 941 249 993 suis
268 937 427 995 incntubere
446 940 603 1004 credentes,
626 940 724 1010 quibus
742 940 832 995 adbuc
857 949 914 994 tres

114 1041 216 1098 turres,
232 1031 380 1087 Marianae
397 1043 425 1087 et
444 1032 575 1088 Pltaselus
596 1043 623 1085 et
640 1031 781 1103 Equestris
800 1046 912 1103 snpere-

112 1134 188 1190 ram,
216 1125 323 1180 caeteris
348 1123 524 1181 validiores:
549 1125 728 1182 deseruerunt
752 1126 911 1196 superiora,

111 1215 305 1288 confugientes
323 1217 358 1274 ad
372 1217 495 1291 bypogea
510 1220 549 1275 vel
567 1227 689 1274 retrusos
704 1235 813 1290 specus.
829 1220 912 1277 toan·

112 1324 166 1364 nes
182 1319 273 1366 tamen
290 1327 343 1366 nou
359 1311 444 1366 ιιιιιιο
456 1323 516 1381 post
528 1312 599 1368 ιιιιιι
612 1311 719 1368 tabidus
734 1322 761 1368 et
774 1313 912 1368 coniectus

109 1401 227 1473 jejunio,
244 1403 353 1459 tradidit
367 1419 398 1459 se
408 1405 523 1469 Caesari,
539 1403 585 1473 rpui
599 1413 756 1460 reservatus
771 1403 804 1460 ud
818 1404 913 1460 trium·

111 1495 210 1566 pbum,
232 1495 280 1553 sed
304 1497 442 1568 perpetuis
462 1497 579 1554 viticulis
598 1498 755 1564 innodatus,
769 1512 855 1568 nsque
877 1495 910 1552 ad

111 1599 243 1658 mortem,
259 1589 346 1662 magis
362 1592 474 1646 trabeas
492 1591 618 1661 spiritum
635 1589 705 1656 vitan,
727 1605 807 1661 quam
828 1590 911 1645 ullam

110 1685 279 1755 voluptatem
292 1685 399 1741 vivendi
418 1695 555 1755 expertus,
571 1685 688 1741 securim
702 1685 799 1740 evasit.
816 1683 909 1740 Simon

108 1787 201 1834 antem
218 1779 297 1833 latuit
310 1777 391 1834 etiam
402 1777 474 1833 intra
486 1788 592 1833 exuste
605 1777 680 1832 urbis
696 1777 799 1842 vairans,
816 1775 843 1831 in
858 1776 909 1846 by-

966 947 1181 1004 percursavere:
1195 949 1222 993 nt
1233 941 1321 1010 prilno
1336 943 1527 1011 perturbarent
1541 945 1632 998 omnia
1644 943 1769 1014 majoris·

967 1042 1019 1096 que
1046 1029 1227 1086 nrrtltitndinis
1251 1033 1370 1102 speciem
1397 1033 1504 1099 darent,
1528 1035 1659 1092 adversus
1683 1052 1764 1106 quam

964 1119 1056 1176 attilus
1069 1122 1139 1192 fugae
1157 1123 1233 1179 locus
1249 1135 1358 1181 vacaret
1371 1139 1378 1178 t
1393 1125 1492 1183 deinde
1503 1128 1696 1184 circumventis
1707 1145 1766 1184 oru-

963 1213 1053 1279 nibus,
1070 1226 1198 1283 quantam
1214 1214 1325 1284 vellent,
1341 1231 1432 1289 strage
1445 1219 1529 1284 edita,
1545 1224 1663 1291 praedam
1679 1221 1763 1278 abdo·

963 1319 1066 1364 cevent.
1082 1309 1146 1364 Erat
1158 1313 1231 1366 cuim
1258 1311 1332 1382 regio
1352 1315 1452 1386 populo
1468 1317 1594 1387 frequens
1612 1330 1640 1373 et
1653 1321 1760 1392 pecoris

963 1403 1120 1470 abundans;
1139 1420 1200 1473 quae
1219 1402 1296 1460 nullo
1312 1409 1457 1464 resistente
1478 1408 1556 1468 facile
1570 1408 1656 1483 patuit
1670 1414 1759 1484 direp-

964 1493 1042 1552 tiooi.
1071 1495 1210 1567 Siquidem
1228 1497 1287 1568 ipse
1302 1498 1419 1556 Pacorus
1435 1503 1574 1559 Medorum
1589 1522 1636 1561 rex
1662 1506 1689 1561 in
1701 1505 1760 1560 abs-

965 1596 1039 1640 trusa
1051 1588 1110 1642 loca
1126 1603 1155 1643 se
1169 1589 1295 1656 contulit,
1306 1590 1384 1646 saluti
1396 1593 1485 1658 potius
1498 1611 1578 1666 quam
1597 1612 1681 1667 regno
1697 1612 1761 1653 con·

963 1680 1073 1747 suiens;
1089 1681 1125 1735 ita
1138 1691 1166 1736 ut
1180 1698 1248 1737 uror
1258 1681 1317 1752 ejus
1330 1698 1361 1739 ac
1374 1680 1451 1740 liberi
1465 1688 1661 1744 acconeubime
1674 1704 1761 1762 captat

962 1775 997 1828 ab
1013 1774 1117 1841 alanis,
1128 1788 1237 1831 centum
1251 1776 1362 1832 talentis
1376 1788 1468 1848 postea
1484 1779 1695 1839 redimerentur.
1710 1782 1764 1840 ft'ec

111 1873 206 1944 pogeis
229 1887 260 1927 se
281 1887 342 1928 curn
369 1873 462 1942 paucis
482 1869 635 1926 recondens
657 1867 833 1924 fidelioribus.
849 1867 908 1925 lant
926 1867 948 1928 B
963 1865 1105 1938 Tyridates
1119 1869 1253 1923 anneuiae
1275 1885 1326 1925 rex
1348 1871 1476 1928 imrrnmis
1498 1873 1546 1927 fuit
1568 1873 1693 1944 periculi,
1715 1875 1763 1930 scd

108 1963 379 2021 tlmsardiscessorat
396 1973 515 2020 cremata
534 1963 601 2018 urbe
611 1964 749 2016 aestimans
766 1961 847 2017 etiam
868 1963 910 2016 Sl-

111 2073 223 2114 monem
238 2067 286 2113 aut
300 2057 354 2129 igni
368 2064 508 2123 exustum,
520 2065 566 2111 aut
582 2057 658 2111 ruina
673 2069 851 2126 oppressum,
863 2065 910 2109 aut

110 2169 125 2207 a
153 2161 353 2224 quocumque·
371 2151 481 2207 bomine
505 2151 709 2220 interemptum.
735 2147 835 2206 Verum
862 2149 909 2204 ille

111 2246 242 2316 quamdiu
257 2243 334 2302 cibus
358 2244 560 2317 suppeditavit,
585 2243 612 2298 in
635 2241 752 2298 defossis
775 2243 909 2314 specubus

110 2337 268 2399 defodiebat
294 2337 440 2393 introrsum
457 2337 523 2392 :sed
542 2337 588 2392 ubi
609 2346 636 2392 et
659 2335 736 2391 cibus
758 2335 867 2402 defecit,
882 2343 910 2391 et

112 2432 205 2488 artulfus
224 2429 358 2488 evadendi
380 2433 467 2488 exitas
494 2431 590 2501 patuit,
606 2430 697 2484 subito
719 2429 752 2484 ad
768 2429 908 2499 superiora

111 2524 227 2597 erepsit,
243 2527 354 2581 indutus
369 2535 444 2580 reste
467 2522 624 2579 candidaret
643 2536 778 2593 purpureo
791 2521 909 2591 desuper

113 2619 288 2686 vestimento,
305 2625 335 2673 nt
357 2627 491 2672 terrorem
513 2615 656 2686 quemdam
681 2615 814 2669 incuteret
838 2611 908 2683 aspl-

112 2709 256 2768 cientibus.
270 2709 320 2778 Qui
338 2707 425 2778 primo
442 2705 612 2779 stupentibus
626 2705 757 2762 militibus
780 2703 910 2760 Rornartis

113 2799 234 2868 ntandat,
257 2811 286 2856 ut
300 2799 443 2856 addacem
464 2809 542 2854 suurn
563 2797 741 2854 deducerent.
758 2795 820 2852 Erat
838 2798 863 2850 io
877 2810 910 2851 eo

113 2898 175 2951 loeo
191 2894 277 2951 iinlns
304 2891 460 2959 Terentius,
476 2907 555 2964 quern
576 2889 654 2946 Titus
675 2891 735 2946 loco
749 2887 909 2964 praelectum

115 2986 219 3044 militie
239 2985 434 3057 dereliquerat.
449 2985 510 3052 ero
531 2983 692 3039 adveniente
711 2981 909 3052 interrogatus,

114 3083 174 3153 qnis
190 3086 278 3144 esset,
291 3077 439 3152 primoalia
449 3094 456 3144 ;
468 3087 537 3148 post,
552 3079 690 3134 Simonem
700 3075 842 3132 corrfessus
856 3087 908 3130 est.

115 3176 180 3231 lude
196 3174 372 3231 transmissus
386 3171 420 3229 ad
434 3171 580 3238 Caesarem,
590 3179 617 3226 et
631 3169 727 3241 ipsead
745 3169 909 3240 triumphum

961 1961 1051 2014 alieno
1077 1963 1149 2017 oraio
1170 1963 1285 2027 cautior,
1309 1976 1412 2036 pestem
1435 1967 1559 2037 praeridit
1574 1985 1581 2022 ι
1599 1976 1626 2024 ιι
1650 1969 1764 2025 viriiiter

961 2052 1072 2121 anaidem
1088 2054 1173 2109 volnit
1191 2069 1346 2122 occurrere,
1373 2063 1403 2110 ut
1423 2075 1437 2110 a
1457 2057 1555 2113 linibus
1578 2061 1634 2114 suis
1654 2059 1763 2116 bostem

960 2159 1109 2204 averteret.
1127 2147 1194 2203 burn
1206 2149 1348 2222 praeliatur
1363 2157 1453 2207 tamen
1466 2151 1565 2222 laqueo
1588 2155 1716 2223 insertus,
1735 2157 1762 2210 in

961 2251 1124 2313 potestatem
1140 2239 1259 2297 bostium
1278 2243 1355 2297 virus
1370 2254 1565 2312 concesserat,
1583 2245 1609 2301 ιι
1625 2259 1763 2317 praeacuto

960 2335 1051 2407 gladio
1064 2333 1165 2389 randum
1182 2333 1324 2390 informem
1337 2335 1468 2392 velociter
1481 2333 1675 2394 intercidisset.
1695 2338 1762 2393 Naro

961 2427 1107 2482 insolentia
1121 2425 1237 2496 quadam
1254 2424 1372 2498 propriae
1387 2426 1553 2485 fortitudinis
1568 2440 1594 2485 et
1607 2431 1633 2486 in
1648 2443 1763 2488 ceteros

960 2517 1089 2585 despectu
1105 2519 1233 2586 superbo,
1249 2519 1330 2575 simul
1353 2525 1382 2574 ut
1401 2519 1563 2578 faroiliarenr
1580 2523 1631 2578 sibi
1647 2523 1757 2580 eminus

961 2607 1125 2664 decernendi
1138 2611 1380 2677 consuetudinem,
1397 2609 1602 2686 refugiendique
1618 2627 1628 2654 ι
1644 2614 1761 2672 faculta-

962 2713 1015 2759 tem
1040 2703 1135 2758 fraude
1158 2703 1204 2758 tali
1225 2706 1552 2778 praetexereut31aqtreos
1572 2707 1762 2782 jacereatque

961 2797 1067 2853 hostem
1082 2799 1233 2863 innectere,
1246 2814 1291 2853 ars
1304 2799 1398 2855 Alanis
1413 2799 1587 2873 bellandique
1600 2818 1660 2859 mos
1671 2815 1723 2860 est.

1239 2917 1245 2927 ·
1265 2888 1382 2950 oseba
1402 2889 1445 2949 Ll.

997 2983 1078 3056 Fugit
1101 2985 1191 3056 itaque
1214 2985 1370 3057 tyridates,
1386 2987 1429 3041 cui
1451 2991 1570 3047 evasisse
1592 2991 1660 3047 satis
1684 2988 1758 3048 fuit:

961 3095 1073 3148 regnum
1098 3091 1187 3137 autem
1211 3097 1290 3138 suom
1312 3081 1530 3155 depopulandum
1555 3082 1678 3157 reliquit.
1693 3087 1760 3142 Narn

962 3177 1038 3246 quasi
1053 3185 1162 3246 accepta
1182 3177 1280 3247 injuria
1295 3177 1367 3248 qood
1378 3179 1507 3248 congredi
1522 3195 1605 3236 ausos
1620 3181 1700 3247 foret,
1711 3198 1760 3236 ve·

116 3271 283 3322 reservatos.
301 3265 354 3320 Sed
376 3265 437 3336 quia
462 3261 583 3319 crudelia
597 3269 760 3316 exercuerat
774 3259 800 3314 in
817 3261 909 3322 cives,
925 3251 948 3316 C
965 3265 1118 3321 trementium
1134 3253 1308 3333 Araneuiam',
1324 3283 1405 3338 qnam
1421 3267 1515 3325 llediae
1530 3287 1644 3343 regnum
1665 3269 1763 3327 devas-

116 3375 167 3414 nec
188 3375 217 3415 se
236 3357 338 3414 Caesari
361 3355 519 3424 tradiderat,
542 3362 601 3426 post
627 3351 755 3422 triumpbl
784 3367 908 3422 ptorrrpam
964 3365 1101 3412 taverunt.
1129 3357 1220 3428 Opimi
1245 3358 1336 3430 itaque
1351 3361 1492 3431 utriusque
1511 3366 1585 3434 regni
1608 3365 1713 3436 spoliis,
1728 3363 1762 3420 ad

117 3451 176 3507 neci
192 3451 375 3522 adiudicatus.
398 3448 496 3504 Octava
511 3446 561 3504 'die
585 3445 705 3516 Gorpiati
730 3447 831 3500 mensis
846 3459 911 3499 ιιιιι-
964 3449 1072 3522 propria
1097 3465 1238 3506 recursum
1263 3451 1364 3508 fecere.
1380 3454 1501 3519 Quorum
1519 3467 1658 3526 comperta
1674 3457 1766 3513 incur·

117 3554 235 3601 cremata
247 3553 288 3599 est
299 3540 405 3600 civitas.
420 3541 495 3597 Casa
511 3557 559 3612 per
574 3556 655 3595 orrrnc
672 3545 778 3608 temrpus
793 3537 912 3593 obsidio·
963 3543 1051 3608 sione,
1067 3541 1144 3597 Titus
1170 3542 1343 3599 anatomiam
1360 3547 1501 3602 contendit
1520 3564 1526 3602 ι
1543 3547 1644 3603 sensim
1663 3561 1764 3615 tannen,

118 3643 160 3696 nis
179 3641 319 3695 innumera
335 3635 428 3702 millia,
445 3636 535 3691 decies
551 3647 665 3690 eeoteoa
690 3631 772 3688 millia
795 3631 838 3704 (cx
854 3647 911 3703 arry·
965 3643 993 3689 nt
1008 3635 1232 3706 triumphatorem
1248 3635 1378 3702 decebat,
1396 3653 1561 3708 causamque
1575 3638 1763 3706 dissimulans,

118 3733 215 3799 riadcs,
233 3740 261 3787 ut
277 3733 397 3803 plerique
411 3727 725 3800 asscrnrrt),Jttdaeorrrm
749 3737 838 3781 tamen
852 3740 910 3778 orn-
965 3742 1012 3796 per
1029 3726 1151 3796 siugttlas
1164 3727 1245 3781 urbes
1265 3743 1390 3798 pompam
1405 3729 1526 3785 celebrat
1542 3731 1672 3786 victoria.
1688 3731 1765 3788 Peri-

119 3825 203 3894 ninm,
224 3825 271 3881 setl
288 3841 341 3879 non
367 3825 487 3878 omnium
508 3823 629 3891 ejusdem
654 3819 773 3890 regionis
797 3827 824 3875 et
847 3817 911 3880 loci,
965 3819 1109 3872 utebantur
1134 3818 1161 3874 in
1187 3833 1268 3873 arena
1291 3818 1389 3885 iudai,
1414 3837 1583 3893 quacumque
1605 3825 1763 3894 pergebant,

118 3919 178 3991 qnia
204 3935 237 3974 eo
264 3918 383 3989 trrrdique
410 3925 598 3971 convenerunt
628 3925 750 3983 terrrpore
779 3911 913 3983 pascltalis

119 4013 282 4068 festivitatis.
306 4009 411 4081 Captivi
436 4005 547 4065 abducti
573 4007 606 4062 ιιι
633 4009 778 4078 nonaginta
807 4015 911 4077 septem

120 4103 213 4175 millia,
231 4107 351 4160 latrones
377 4119 460 4175 prope
484 4117 578 4158 carnes
594 4101 727 4171 perempti
742 4101 833 4156 statim
846 4119 853 4153 ε
867 4103 913 4171 qui

121 4195 264 4254 validiores
279 4207 368 4264 eraut,
385 4213 432 4266 per
454 4193 619 4266 trinnrpbum
643 4197 727 4264 tincti,
743 4205 836 4266 postea
849 4195 913 4251 bes-

122 4293 164 4348 tiis
186 4289 283 4362 objecti
305 4289 467 4359 ceterisque
486 4286 626 4359 suppliciis
647 4287 714 4354 dati,
731 4287 914 4361 persingulas

121 4385 206 4440 forme
220 4383 301 4439 irrites
317 4399 368 4452 qua
385 4383 435 4438 iter
445 4383 543 4453 agebat
559 4381 646 4448 Titos,
661 4393 688 4436 ut
703 4397 750 4452 per
771 4379 914 4437 unirersos

123 4477 301 4536 rebellionum
318 4477 451 4550 supplicio
472 4483 573 4532 oretum
586 4483 735 4547 spargeret.

437 4565 552 4626 oseba
572 4565 603 4624 L.

966 3925 997 3966 ac
1011 3912 1152 3966 dilacerati
1165 3927 1180 3967 a
1198 3911 1303 3978 bestiis,
1319 3912 1475 3982 pendebant
1487 3917 1585 3971 merita
1596 3915 1767 3973 rebellionis.

966 4003 1117 4058 Antiocbiae
1131 4018 1240 4075 qnoque
1256 4019 1303 4058 eos
1315 4008 1429 4060 retustis
1441 4007 1510 4061 radiis
1523 4009 1633 4077 geraritis
1649 4011 1763 4079 populns

966 4095 1150 4152 insectabatur
1167 4111 1218 4151 :eo
1234 4095 1307 4167 qnod
1321 4111 1399 4164 reges
1412 4095 1557 4154 Persarum
1569 4116 1630 4170 qum
1648 4100 1681 4155 de
1701 4100 1764 4155 llic·

967 4189 1162 4261 rosolymitaua
1180 4189 1247 4244 urbe
1261 4188 1374 4244 donaria
1393 4189 1455 4261 jure
1470 4191 1591 4246 vietor-iae
1611 4191 1764 4247 viridieare·

968 4291 1041 4346 rant,
1068 4283 1214 4353 synagogis
1236 4282 1432 4338 contulerant:
1458 4282 1635 4340 Antiochenis
1656 4289 1691 4341 de
1715 4299 1766 4341 suo

968 4395 1075 4452 quoque
1089 4377 1140 4434 alia
1158 4378 1261 4450 largiti.
1275 4381 1369 4451 ltaque
1389 4385 1528 4450 congestae
1548 4396 1614 4450 opes
1635 4379 1764 4436 iuvidiam

969 4475 1046 4529 facile
1062 4489 1183 4528 movere.
1197 4471 1263 4528 Num
1277 4483 1307 4528 nt
1323 4473 1367 4527 iila
1382 4487 1454 4529 nuere
1469 4471 1627 4527 omittamus
1639 4485 1700 4544 que
1715 4470 1765 4527 ad·

969 4582 1077 4622 versum
1093 4564 1264 4620 llaclmbaos
1280 4567 1415 4635 gesserint
1437 4561 1583 4620 sacerdotii
1603 4563 1768 4635 competito-

158 4663 209 4718 Per
231 4660 302 4718 idem
325 4669 430 4733 tempus
452 4659 542 4728 lilani,
563 4675 629 4732 geos
654 4659 707 4717 fera
723 4668 750 4715 et
764 4661 809 4714 diu
825 4659 915 4730 ignota
929 4645 955 4704 ¹f)
971 4677 1025 4726 res,
1040 4668 1069 4714 et
1084 4665 1192 4729 quantae
1204 4657 1274 4713 cladi
1290 4657 1388 4714 civium
1401 4655 1485 4714 fucrit
1502 4659 1625 4723 arnbitio,
1639 4657 1767 4712 sicutsu-

124 4755 244 4825 nostris,
272 4756 343 4824 quod
367 4755 526 4812 interiorum
553 4755 675 4809 locorum
705 4751 865 4806 difficultate
891 4759 918 4805 et

124 4848 242 4906 claustro
252 4858 338 4920 portae
353 4848 447 4905 ferreae
460 4861 539 4917 quam
556 4861 668 4918 magnus
681 4843 839 4900 Alexander
851 4857 919 4912 prae-

125 4947 204 5014 rupto¹
216 4941 325 4997 Tanvim
336 4943 408 4997 omis
422 4935 548 5011 imposuit
561 4937 639 5008 jugo,
653 4951 713 4992 cnm
731 4937 839 4990 caeteris
854 4935 920 4990 feris

125 5047 151 5092 et
169 5033 309 5090 indomitis
323 5035 469 5088 introrsum
481 5029 607 5101 gentibus
620 5028 830 5084 cohibebantur.
844 5025 920 5082 lnco-

126 5130 216 5186 lebant
226 5125 382 5201 Scytbicum
394 5125 504 5181 Tanaim
524 5125 689 5192 iltritlmaque
703 5125 761 5190 eius
779 5131 806 5174 et
819 5121 919 5175 limitti-

127 5224 166 5278 dis
181 5224 303 5292 paludes,
322 5223 396 5276 velut
411 5219 527 5289 quodam
542 5217 626 5274 clatrsi
647 5230 756 5274 carcere
778 5217 920 5271 memorati

128 5315 233 5384 iugenio
246 5315 326 5384 regis,
343 5314 371 5367 ιιι
385 5327 448 5367 suas
464 5322 550 5365 terras
565 5319 740 5377 exercerent,
755 5309 856 5363 alienas
868 5323 920 5362 nou

128 5407 304 5463 incursarent.
321 5405 374 5461 Sed
390 5405 446 5460 sive
459 5401 494 5455 ob
514 5401 682 5457 sterilitatem
698 5402 829 5464 locorttm,
851 5398 922 5470 quoti

129 5501 199 5558 avari
222 5501 293 5555 votis
309 5501 435 5570 agricolae
455 5501 561 5565 sperata
580 5491 693 5548 cultura,
709 5509 761 5549 mm
779 5491 924 5560 respoude-

130 5609 167 5652 ιιι
182 5593 342 5658 fecunditas,
359 5591 417 5648 sirc
428 5583 566 5661 predandi
582 5587 731 5654 cupiditate
748 5599 838 5655 regem
858 5583 925 5654 llyr-

133 5701 262 5747 canornm
286 5685 331 5754 qui
358 5684 424 5739 loeis
452 5686 577 5753 preerat,
595 5677 786 5744 sollicitarunt,
803 5676 925 5748 pretione

166 5792 178 5820 ³
205 5779 299 5834 lfiiite.
316 5777 400 5834 Βιιιιι.

178 5852 192 5892 l
209 5850 271 5906 Vct.
283 5848 402 5920 eaernpl.
416 5843 647 5902 dissenciencium
660 5859 689 5900 se
700 5841 823 5916 gentium.
840 5835 878 5895 ln.

970 4769 1018 4826 pra
1046 4751 1272 4816 memoravimus3
1289 4751 1439 4807 antimius
1465 4762 1558 4823 postca
1586 4767 1639 4807 non
1656 4746 1769 4823 igrtrtbili

970 4859 1072 4915 genere
1085 4853 1172 4908 ortus,
1197 4843 1244 4898 sod
1262 4842 1382 4897 moribus
1397 4845 1534 4913 perditus,
1553 4844 1643 4900 afticto
1655 4840 1771 4899 crinaiue

970 4937 1043 5010 quod
1070 4935 1156 4991 iudaei
1184 4937 1278 4993 urbem
1303 4936 1477 4992 Aritioebiam
1508 4938 1633 4994 incendio
1656 4952 1772 4994 erravere
1829 4917 1833 4926 ’

971 5029 1221 5102 conspiravissent,
1246 5037 1349 5100 patrem
1376 5032 1514 5100 proprium
1535 5031 1580 5100 qui
1594 5042 1666 5085 esset
1677 5032 1711 5083 dc.
1724 5028 1771 5085 itt·

971 5125 1092 5179 dmorum
1116 5123 1280 5192 prinmriims
1302 5130 1329 5176 et
1347 5122 1493 5191 plerosque
1511 5121 1580 5176 alios
1604 5121 1774 5176 insimulatos

972 5217 1081 5288 gentiiis
1095 5215 1197 5284 impetu
1211 5212 1404 5279 rnrtltitndiois‚
1421 5213 1453 5265 ati
1474 5221 1589 5268 mortem
1609 5212 1706 5281 coegit.
1719 5208 1775 5265 Nec

974 5323 1006 5360 eo
1017 5305 1165 5374 parricidio
1176 5305 1380 5372 trrrtltornmqne
1394 5305 1469 5360 cade
1477 5308 1650 5362 exsaturatus
1661 5302 1776 5371 quievit,

975 5397 1021 5453 sed
1045 5408 1139 5468 postea
1153 5411 1263 5465 rqtrrtque
1277 5405 1371 5451 nactus
1388 5397 1561 5459 facultatem,
1578 5393 1648 5465 qnod
1665 5392 1777 5448 fortuito

976 5491 1101 5545 lucendio
1114 5475 1263 5558 acciderat,
1273 5489 1395 5560 ejusdem
1411 5491 1486 5545 urbis
1503 5490 1634 5558 porticus,
1650 5494 1678 5538 et
1692 5491 1778 5539 tetra-

978 5597 1075 5654 gonam
1104 5582 1221 5651 plateam
1253 5583 1454 5648 rrraxinmmque
1472 5590 1575 5650 pmtcm
1600 5574 1779 5634 aedificiorum

980 5673 1106 5732 evertam-i.
1124 5672 1221 5727 fraude
1236 5673 1373 5743 predictae
1390 5670 1598 5740 conjurationis,
1613 5667 1710 5722 iterum
1731 5662 1781 5721 Ju-

1022 5777 1034 5804 ι
1055 5758 1230 5820 ιάιιιίιιιιιι.
1242 5765 1279 5822 ln.
