4075 6359
105 331 175 388 etit
533 327 667 384 fltsrou.
690 328 733 384 titt
754 325 896 388 ΕῘΟΙΙΙΙΟ
915 327 1052 388 fllEROS.
1074 323 1177 384 uussts
1195 322 1260 379 ΗΒ.
1284 320 1316 376 V·
1684 323 1757 380 21ιῖ

105 449 181 497 esset
207 441 351 514 templum,
377 440 420 512 qui
446 439 517 499 caelo
540 449 568 501 et
590 441 658 507 aeri,
676 447 757 498 terrae
777 449 804 498 ot
827 441 906 509 mari,
920 449 947 508 Α
961 452 1032 501 trum
1047 441 1091 500 cui
1105 457 1205 511 nemen
1219 439 1346 498 tritonia
1361 438 1394 496 ad
1413 439 1510 498 summi
1524 441 1617 511 operis
1635 440 1760 511 magnii·

106 533 183 606 quasi
197 543 308 590 creater
322 531 519 589 elementorum
533 531 737 600 dominaretur,
754 541 835 606 atque
848 549 906 592 out·
959 537 1077 596 centiam
1097 536 1291 600 communiuit,
1305 543 1334 590 et
1345 535 1515 607 anrpiissimo
1526 535 1635 592 ornarit
1648 534 1760 602 decore,

106 627 154 682 nia
167 626 244 696 sotus
261 635 368 698 regeret
381 634 408 682 et
420 625 593 698 gubernaret.
610 623 698 684 Cocco
711 625 784 683 enim
799 628 906 700 igneum
958 628 1121 686 circumibat
1135 627 1228 686 Cusas
1242 628 1459 700 acerrimusque
1475 643 1510 683 ex
1529 635 1607 699 parte
1621 643 1651 684 ee
1668 633 1760 697 posset

107 717 239 775 coeiorum
255 717 399 791 figuratur,
411 715 559 790 hyacintho
571 734 629 786 aer,
642 721 724 792 hgtso
739 729 823 790 terra,
835 721 908 795 quod
958 721 1067 780 [acilius
1078 723 1139 780 urhi
1155 721 1496 793 totonderatmpeotonue
1508 737 1555 794 per
1565 731 1651 778 tetum
1662 721 1762 778 circui-

107 814 135 870 in
152 829 183 870 ea
199 813 343 872 irascitur:
360 828 480 889 purpura
496 827 585 882 mare,
600 830 660 886 quaa
675 815 825 889 conchyliis
847 831 905 872 rna·
961 826 1017 874 tunt
1042 815 1114 872 muri
1127 813 1249 879 ambitu,
1263 813 1407 871 aestimarit
1422 816 1448 872 in
1462 814 1579 870 tioitimo
1595 813 1692 871 tunroii
1708 826 1762 882 rpuo

106 907 207 964 ritimis
230 907 359 978 inficitur,
376 917 405 962 ut
421 906 477 964 duo
490 923 524 964 ex
548 907 652 976 colore,
667 907 720 964 dito
736 923 769 965 ex
791 924 907 981 genera·
960 909 1087 982 sepultus
1106 909 1214 980 jacebat
1232 906 1362 981 princeps
1382 908 1556 964 sacerdotum
1570 906 1700 972 ioannes,
1715 904 1764 965 td·

109 1003 184 1059 tione
210 1002 334 1076 coiiigas.
358 1000 481 1072 Denique
505 999 631 1071 princeps
656 1000 827 1056 sacerdotum
851 1000 909 1087 hage
961 1002 1106 1059 oriendam
1132 1001 1313 1060 ohsidionem.
1336 997 1386 1057 cot
1407 1001 1565 1072 diligentius
1586 999 1762 1072 exploranti,

108 1106 226 1168 qrratoor
260 1093 420 1150 indumento
452 1107 501 1150 suo
534 1093 689 1166 exprimere
711 1101 908 1160 consueuerat,
960 1097 1107 1155 adhaerens
1130 1112 1201 1154 uuus
1220 1111 1256 1154 ea
1272 1096 1369 1155 amicis
1380 1094 1500 1150 Nicanor
1511 1093 1659 1166 studiosius
1671 1093 1764 1148 inten-

108 1186 218 1258 qoando
242 1191 359 1243 maxima
383 1183 529 1242 celebritas
552 1196 612 1242 erat
637 1184 767 1242 festorum
791 1185 908 1254 dierum,
961 1189 1029 1248 dens
1043 1190 1160 1258 moneri,
1170 1187 1266 1260 sagitta
1277 1201 1422 1259 percussus
1434 1186 1517 1242 cadit.
1531 1185 1648 1258 Propius
1660 1185 1762 1257 quippe

108 1278 188 1350 «guasi
209 1285 295 1334 totum
312 1272 444 1334 mundum
460 1277 595 1344 indueret,
612 1292 663 1350 pro
684 1277 786 1348 populo
805 1277 910 1350 suppli·
962 1292 1127 1351 accesserat,
1142 1280 1206 1338 dum
1222 1288 1299 1353 putat
1318 1281 1435 1352 aliquem
1449 1278 1602 1351 profectum
1616 1277 1675 1334 tore
1688 1277 1763 1345 pacis

109 1383 238 1445 cattrrua,
256 1371 282 1428 io
298 1371 358 1446 ejus
373 1371 486 1444 tiguram
502 1373 547 1444 qui
563 1380 693 1430 uenturus
709 1381 769 1430 erat
782 1375 911 1447 princeps
961 1377 1071 1445 futurae,
1085 1375 1110 1432 si
1133 1374 1186 1432 sihi
1209 1372 1365 1430 conterendi
1388 1373 1524 1429 sermonis
1544 1372 1657 1428 daretur
1670 1371 1761 1440 copia,

109 1464 390 1532 sacerdotumdcsus,
402 1465 447 1536 qui
462 1463 570 1521 tolieret
583 1475 723 1534 peccatum
739 1465 842 1522 mundi.
861 1464 912 1525 Fe-
962 1470 1008 1542 qui
1028 1477 1124 1539 potens
1137 1481 1170 1522 ac
1184 1465 1291 1522 vatidus
1304 1464 1339 1522 ad
1354 1464 1498 1522 tentandos
1519 1464 1686 1520 audientium
1700 1461 1764 1518 ani·

109 1574 186 1614 rrttrra
212 1559 339 1634 princeps
363 1558 538 1616 sacerdotum
567 1555 652 1616 iintco
681 1559 799 1616 interius
821 1560 913 1633 operi·
963 1578 1024 1620 mos
1045 1561 1242 1620 aestimabatur.
1263 1559 1425 1616 Commotus
1445 1557 1560 1625 Casan,
1580 1557 1653 1628 quod
1674 1557 1700 1614 ei
1718 1555 1764 1627 qui

110 1660 205 1709 ¹¹¹⁰¹¹²⁰
227 1653 347 1725 tegebat,
362 1669 396 1710 00
419 1652 569 1729 ‘1¹10dhtae
591 1653 698 1710 caetetls
722 1655 748 1710 in
769 1654 911 1717 sacerdote
963 1659 1093 1716 salutaria
1115 1663 1318 1722 commoneret,
1333 1652 1481 1726 improviso
1510 1651 1625 1709 uulnera
1647 1657 1762 1706 mortem

111 1745 181 1802 tides
197 1748 296 1802 mentis
317 1747 461 1824 queritur,
477 1756 506 1805 et
527 1747 654 1818 corporis
665 1747 826 1804 castimonia
851 1764 912 1820 qua
964 1751 1169 1824 irrogavissent,
1185 1749 1213 1805 in
1235 1747 1360 1820 praetium
1382 1746 1456 1818 cogit
1474 1745 1594 1817 agmina,
1609 1743 1766 1814 hohomgoe

111 1841 274 1914 succingere
285 1841 382 1898 debeat
394 1840 484 1898 earnis
496 1841 744 1914 intemperantiam.
759 1843 817 1899 Duo
832 1853 910 1902 eram
925 1847 948 1912 Β
962 1843 1197 1914 accenditurjactu
1211 1840 1453 1905 telorumdiaerto,
1462 1837 1664 1907 missilibusque
1679 1835 1766 1892 maxi·

112 1935 289 1993 tabernacola
303 1949 392 2004 sacra,
405 1952 487 1992 unum
502 1936 630 2005 hiterius,
645 1935 760 2006 aherpm
773 1938 911 2002 exterius:
965 1953 1009 1994 rue
1024 1956 1031 1992 ι
1047 1938 1227 1994 admouentur
1240 1935 1353 2002 arietes,
1366 1933 1444 2006 gueis
1459 1932 1594 1990 terionem
1606 1930 1696 1987 ualida
1706 1945 1766 1986 mu-

112 2031 140 2088 in
156 2031 207 2086 hoc
222 2045 333 2102 semper
355 2029 506 2091 introibant
518 2030 697 2096 sacerdotes:
714 2031 740 2087 in
762 2031 827 2088 iilud
844 2033 914 2090 inte·
964 2048 1069 2091 rorum.
1091 2030 1151 2102 Quo
1172 2029 1321 2098 perturbati
1341 2028 1498 2099 omnesqui
1516 2036 1581 2082 ante
1593 2025 1629 2082 de
1641 2024 1767 2082 domina·

113 2125 172 2180 rios
197 2123 269 2196 quod
293 2123 444 2180 secundom
466 2121 664 2196 appellabatur,
674 2124 761 2180 sen-nol
785 2124 915 2180 introihat
965 2127 1049 2182 tionis
1075 2125 1145 2180 inter
1171 2138 1202 2179 se
1228 2122 1320 2178 stadio
1348 2120 1511 2187 certabant,
1537 2122 1565 2174 in
1589 2115 1766 2174 concordiam

113 2215 303 2273 tantummodo
332 2216 457 2290 princeps
482 2214 668 2282 sacerdotum,
690 2231 743 2270 tion
767 2215 827 2274 sinc
851 2230 915 2272 sart·
966 2228 1077 2285 eoetrnt,
1091 2217 1209 2288 dataque
1227 2216 1388 2286 impunitate
1406 2213 1591 2286 superiorum,
1610 2226 1692 2267 unum
1705 2225 1768 2266 cor·

112 2311 206 2382 grinte,
226 2325 308 2384 quern
331 2307 444 2366 offerret
466 2324 513 2380 piro
528 2324 558 2366 se
579 2320 607 2366 et
622 2324 671 2381 pro
687 2308 779 2382 populi
802 2308 913 2366 delicto.
966 2326 1016 2385 pus
1031 2308 1140 2375 iecere.
1156 2319 1184 2365 et
1207 2308 1493 2380 conspirati,cogente
1516 2305 1652 2376 pericuio,
1670 2303 1766 2361 urhem

116 2403 173 2462 iioc
195 2403 367 2476 significante
390 2401 492 2479 Spiritu
515 2411 784 2472 manutentorem
809 2400 913 2472 desunt,
967 2417 1088 2464 tuentur.
1112 2403 1255 2476 Progressi
1281 2417 1390 2476 quoque
1414 2401 1548 2466 tumulos,
1573 2400 1663 2471 ignem
1685 2412 1769 2470 super

114 2495 161 2570 qui
175 2511 241 2553 vere
254 2493 330 2552 scius
344 2495 463 2552 intraret
476 2493 604 2565 interiora
620 2494 774 2553 diuinorum
791 2505 916 2568 penetro-
967 2501 1108 2558 machinas
1137 2498 1347 2570 iaculabantur,
1375 2503 1407 2551 ot
1429 2496 1603 2552 destruerent
1632 2505 1766 2564 aggeres,

115 2589 151 2644 iia
175 2597 427 2658 sacramentorum,
441 2596 469 2646 et
491 2603 590 2656 arcana
614 2589 774 2646 strirstantiee
795 2589 917 2646 coelcstis
968 2601 1117 2653 exurerent
1127 2594 1230 2660 uitreas,
1244 2591 1345 2648 arietes
1359 2587 1539 2644 incenderent
1555 2605 1562 2640 :
1576 2601 1610 2640 ac
1621 2599 1692 2657 pene
1706 2599 1767 2640 om·

116 2685 162 2756 qui
178 2692 272 2741 nosset
287 2685 389 2741 omnia.
406 2683 488 2744 Solus
500 2701 611 2758 quoque
626 2685 700 2742 Patri
721 2687 854 2760 sanguiue
867 2702 917 2744 auo
969 2689 1013 2745 uia
1034 2685 1223 2742 roachinarum
1243 2698 1342 2756 garrera
1365 2687 1538 2745 exusserant,
1551 2677 1604 2736 uisi
1617 2676 1696 2733 eiecti
1709 2675 1768 2747 pic-

116 2787 204 2836 totom
228 2778 359 2834 mondum
381 2778 593 2848 reconciliaret,
617 2788 694 2839 utet
719 2780 871 2838 coeiestium
892 2789 920 2842 ct
969 2783 1048 2853 rique
1073 2779 1189 2837 militum
1212 2787 1241 2834 ct
1263 2777 1418 2838 sociorum,
1443 2773 1562 2830 maxime
1584 2787 1619 2831 ex
1644 2771 1767 2840 partium

118 2869 286 2934 terrestrium
298 2870 484 2928 misereretur.
500 2869 621 2943 Denique
634 2879 726 2944 postea
742 2887 822 2944 quarn
834 2873 917 2939 teuit,
969 2872 1162 2931 Alexandrinae
1176 2869 1264 2938 urhis,
1278 2876 1391 2924 strenue
1413 2865 1648 2936 repugnavissent.
1663 2860 1767 2929 Quihus

119 2963 264 3036 pacificavit
280 2967 366 3020 omnic
381 2982 428 3038 per
447 2965 598 3040 sanguinem
617 2965 701 3021 cruris
725 2982 789 3036 rue,
810 2982 868 3038 quor
880 2968 919 3023 eet
970 2975 1063 3022 tamen
1079 2963 1169 3021 valide
1183 2961 1392 3026 resistentibus,
1406 2958 1511 3015 addidit
1522 2955 1613 3014 Caesar
1626 2954 1769 3025 adiumen-

117 3059 144 3112 r'o
158 3059 220 3114 coeto
230 3057 270 3113 oet
285 3059 312 3114 io
323 3069 390 3113 terre
402 3067 462 3114 aaut
474 3057 587 3128 (Ceioss.
603 3073 622 3126 r,
637 3057 695 3134 2⁰).
712 3057 787 3116 lotus
804 3057 919 3131 thymia·
971 3069 1029 3118 tum
1044 3059 1164 3132 equitum
1178 3056 1373 3129 potentiorum.
1389 3052 1449 3124 ipsc
1469 3065 1578 3123 quoque
1596 3049 1698 3104 aeriter
1715 3062 1767 3119 pu·

120 3149 274 3219 mater-imo,
292 3151 367 3206 inuis
382 3165 492 3216 ntertsa,
509 3151 580 3208 intus
596 3151 706 3208 lucerna
723 3171 729 3208 ε
747 3150 920 3224 thymiama·
971 3153 1165 3228 gnanssternit
1179 3147 1440 3208 duodecimaduersi
1456 3144 1571 3216 agminis
1584 3150 1770 3215 propugnato-

119 3243 236 3309 terium,
251 3241 322 3314 «guod
347 3242 382 3297 ita
405 3241 439 3298 ad
460 3241 544 3298 licum
569 3241 689 3314 Patrem,
701 3243 766 3300 sirm
787 3243 955 3333 incensante
972 3263 1027 3306 res·
1050 3246 1089 3304 ita
1113 3248 1153 3302 ris
1176 3243 1358 3302 natthitodinis
1373 3240 1485 3310 rciiqnae
1499 3236 1612 3297 exitium
1627 3235 1769 3291 declinans

120 3335 249 3408 dirigetur
273 3335 385 3390 maximi
404 3335 554 3392 sacerdotis
579 3335 663 3392 arctio
684 3331 771 3410 (Psoi.
786 3351 848 3406 ιιι,
863 3335 892 3408 2)
911 3355 919 3392 ι
972 3343 998 3398 in
1016 3340 1111 3398 urbem
1125 3337 1249 3403 reuertit,
1261 3345 1290 3392 ct
1302 3339 1338 3390 ao
1351 3332 1608 3390 incendtottmnann
1625 3341 1707 3399 opera
1722 3327 1771 3383 dc·

121 3427 310 3499 interamnano
335 3429 362 3482 in
385 3443 417 3483 ea
441 3426 531 3503 passio
556 3429 655 3489 Christi
679 3429 724 3500 sit,
740 3439 768 3486 ct
789 3431 919 3504 mysteria
971 3425 1563 3503 terreatieciditeopratiodoannesduetor
1577 3421 1768 3481 tdornaeomm:

122 3526 376 3588 sacramentorum,
401 3521 472 3583 unde
495 3528 523 3578 et
546 3521 628 3578 David
651 3521 717 3580 dicit
739 3541 746 3578 :
769 3521 874 3580 Poroati
893 3525 921 3580 in
970 3529 1114 3584 domante
1127 3539 1236 3592 micros,
1250 3527 1359 3596 cognito
1372 3520 1424 3578 sihi
1437 3518 1561 3574 Rontano
1574 3515 1652 3572 militi
1665 3527 1771 3570 sermo·

122 3623 259 3687 conspectu
280 3629 335 3671 meo
355 3631 468 3670 mearam
489 3613 575 3690 (Psoi.
594 3633 663 3688 xxtt,
680 3613 727 3690 5);
747 3619 824 3690 cujus
847 3621 921 3679 velut
971 3636 1034 3678 nem
1048 3619 1184 3684 conserit,
1206 3617 1277 3674 ictus
1291 3624 1366 3686 terga
1381 3611 1488 3684 sagittas
1502 3607 1626 3673 ruirrere,
1640 3605 1770 3662 contiuuo

123 3707 264 3764 duodecim
285 3721 368 3778 panes
381 3750 389 3776 ,
402 3705 544 3766 duodecim
560 3709 675 3782 apostoli
690 3711 744 3767 sint
760 3721 841 3768 testes
857 3728 920 3784 pas·
971 3714 1081 3769 iahitur.
1100 3709 1221 3767 Arahum
1245 3708 1337 3764 ierunt
1350 3703 1545 3777 peritissimum
1564 3699 1600 3755 de
1614 3697 1770 3768 iaculatori-

123 3801 208 3856 sioois
220 3802 280 3870 ejus
299 3815 332 3857 ac
354 3801 562 3858 resurrectionis
576 3802 647 3874 ejus.
664 3801 785 3860 Lucerna
801 3820 861 3876 quaa
876 3821 921 3864 su·
972 3805 1021 3865 hus
1032 3805 1092 3878 eius
1102 3803 1194 3861 ohitus
1207 3807 1349 3856 auctorem
1364 3815 1370 3851 :
1387 3796 1516 3869 grauique
1528 3806 1646 3848 moerore
1657 3787 1771 3845 atiectne

123 3909 170 3966 pra
182 3893 371 3950 condelabrum
381 3893 572 3968 ponitur,antc
583 3895 634 3954 suh
646 3897 734 3952 modio
745 3903 815 3966 erat,
830 3897 919 3968 idest,
972 3897 1116 3964 tnornaeos,
1128 3893 1200 3966 ottod
1211 3891 1299 3948 airum
1311 3899 1339 3947 et
1349 3904 1431 3947 manto
1444 3894 1598 3960 promptum
1608 3883 1769 3950 ²¹¹¹¹⁸⁰¹³¹¹h

123 3987 174 4044 suh
187 3987 255 4060 legis
269 4001 395 4044 mensura
408 4004 417 4055 ;
430 4003 501 4046 nunc
514 3999 556 4044 est
570 3989 620 4046 soh
632 3991 727 4062 gratias
741 3989 918 4063 plenitudine,
972 4001 1000 4048 et
1014 3991 1114 4048 honum
1125 3985 1250 4046 consilio.

124 4079 305 4154 heptamycho
331 4079 457 4150 [renuens
485 4081 577 4140 iumen
605 4077 767 4154 ctiimdens,
789 4098 823 4140 eo
849 4083 922 4156 quod
1275 4075 1392 4137 CAPUT
1419 4074 1465 4132 ΣΙ·

123 4175 241 4246 Spiritus
256 4181 367 4230 sanctos
390 4184 495 4248 septem
512 4176 689 4233 maximarum
705 4175 852 4250 gratiarum
867 4180 922 4238 tir·
1009 4175 1139 4252 Sequetui
1153 4186 1236 4237 nocte
1254 4173 1353 4232 accidit
1371 4184 1399 4231 ιιι
1415 4181 1471 4228 tres
1493 4177 1585 4228 turres
1605 4179 1673 4237 otas
1693 4161 1771 4221 Titus

124 4267 227 4324 tutibus
240 4267 288 4323 Dei
312 4265 439 4345 tempium
456 4277 470 4307 ¹
484 4267 662 4325 illuminaret.
684 4267 827 4328 Trinitatis
841 4271 923 4344 igitur
973 4271 1060 4340 attolli
1080 4271 1201 4344 jusserat
1219 4282 1303 4340 supra
1326 4279 1474 4340 aggerem,
1490 4278 1544 4334 quo
1559 4259 1669 4316 iudces
1681 4255 1724 4314 tel
1737 4270 1771 4310 ex

123 4359 242 4432 cognitio
254 4361 281 4416 in
297 4360 471 4418 interiorihos
489 4369 549 4417 crat
569 4361 673 4439 tempii,
690 4378 750 4436 quae
762 4361 923 4429 dicebantur
973 4379 1053 4436 anuo
1066 4365 1108 4433 rei
1119 4378 1152 4422 ex
1159 4361 1304 4436 superiore
1314 4357 1426 4434 spiculis
1439 4351 1647 4428 tigerctesuhito
1661 4348 1733 4404 troiia
1746 4344 1772 4402 ri

124 4453 222 4510 Sancta
233 4463 400 4522 sanctorum,
415 4453 459 4511 uht
472 4451 589 4525 reposita
602 4455 737 4528 quondam
749 4457 820 4532 rirga
833 4462 922 4518 Aaron
974 4460 1094 4524 hostium
1109 4465 1231 4514 ruerent.
1247 4455 1307 4524 Quo
1328 4451 1420 4510 sonitu
1434 4450 1619 4507 Romtttorum
1634 4441 1773 4499 exercitos

125 4549 228 4618 titiruit,
243 4549 315 4620 quod
340 4547 517 4605 sacerdotatis
537 4549 623 4621 gratia
640 4551 666 4606 in
680 4549 790 4609 Christo
807 4554 923 4627 amplius
974 4553 1062 4608 omnis
1076 4550 1209 4619 turbator,
1226 4562 1257 4605 ca
1273 4546 1401 4618 opinione
1411 4540 1484 4615 quod
1499 4542 1534 4599 ah
1548 4535 1627 4594 hoste
1641 4534 1767 4593 destruc-

126 4651 200 4700 eeset
214 4649 356 4716 operatura
369 4649 430 4714 post
443 4651 570 4708 mortem,
582 4659 634 4719 qun
650 4643 780 4702 mundum
796 4647 921 4706 redemit.
936 4667 964 4728 1)
977 4657 1018 4704 tos
1043 4657 1172 4717 aggeres,
1200 4642 1321 4700 succisas
1348 4647 1436 4695 turres
1464 4634 1685 4697 arbitrarentur,
1711 4641 1773 4698 qua

127 4747 197 4798 atate
217 4739 347 4817 tempium
363 4751 442 4798 erant
453 4737 656 4814 quatuordecim
672 4744 782 4814 gradus,
795 4757 843 4812 per
856 4757 925 4813 qtros
975 4752 1088 4802 ruentes
1114 4739 1253 4808 ingentem
1278 4736 1332 4793 iate
1350 4742 1468 4802 stragem
1484 4726 1635 4784 dedissent.
1651 4724 1690 4779 he
1705 4735 1773 4793 pem

126 4831 252 4890 Ezechiae
277 4834 347 4908 regis
371 4843 494 4906 tempore
520 4835 614 4902 umbra
639 4835 924 4908 ascenderat,signitt·
975 4835 1125 4894 admissum
1138 4841 1198 4891 erat
1210 4831 1315 4888 tacimus
1329 4824 1483 4884 nriscrehiie
1494 4831 1522 4880 ut
1532 4823 1650 4878 victores
1661 4817 1774 4875 incertis

126 4941 193 4982 cans
206 4924 231 4981 ei
248 4927 309 4982 ciue
323 4925 404 4982 tinem
425 4923 555 4987 ictorum.
580 4927 634 4986 Sed
649 4927 760 4985 oraculo
785 4929 923 4997 monitus,
976 4943 1025 5000 per
1039 4933 1148 4983 noctem
1171 4921 1293 4983 hostiims
1308 4919 1369 4992 toga
1387 4916 1529 4982 cederent,
1545 4914 1595 4974 n'tsi
1611 4911 1683 4984 quod
1699 4921 1775 4966 terre·

127 5021 215 5077 oravit
229 5029 255 5076 et
271 5022 369 5076 meruit
383 5022 479 5078 mortis
489 5021 645 5078 dilationem
660 5021 711 5078 hoc
726 5020 837 5088 indicio,
851 5021 923 5094 quod
975 5023 1032 5080 brae
1047 5021 1182 5092 ruinaque
1204 5018 1273 5090 ipsa,
1293 5020 1383 5072 excito
1402 5013 1514 5085 pulvere
1529 5018 1701 5082 prospectum
1717 5005 1776 5060 adi·

128 5115 223 5172 iisdem
252 5113 380 5188 gradihus
403 5115 444 5173 soi
468 5113 674 5185 retunderetur,
691 5115 736 5188 qui
760 5114 926 5186 significaret
977 5124 1094 5180 merent,
1110 5122 1139 5170 ut
1163 5128 1216 5184 qtto
1230 5110 1355 5182 tugerent
1375 5109 1510 5164 incertum
1533 5105 1675 5162 haherent.
1691 5100 1774 5171 Qirm-

129 5223 167 5271 tet
197 5227 311 5268 numero
341 5227 475 5269 annorum
508 5223 688 5272 commeatum
713 5212 737 5268 ei
765 5210 825 5266 rite
853 5208 925 5266 reio·
977 5207 1055 5268 rebat
1070 5205 1258 5280 trnrrsquisqne
1275 5202 1310 5258 de
1332 5199 1455 5273 proximo
1469 5198 1533 5272 quid
1553 5195 1707 5260 accidisset,
1723 5203 1775 5246 occ

128 5323 199 5364 ⁵⁰¹⁰·
978 5313 1145 5372 crigooscere
1167 5297 1224 5352 reri
1251 5303 1358 5368 poterat
1381 5291 1485 5360 tidem,
1510 5291 1572 5362 quia
1594 5284 1719 5342 similiter
1740 5279 1775 5338 ah

446 5395 561 5456 catut
580 5395 616 5453 tt.
979 5393 1106 5450 omnihus
1120 5389 1254 5463 ejusmodi
1273 5401 1356 5445 casus
1376 5383 1567 5458 ignorabatur,
1582 5381 1671 5436 dortec
1684 5373 1776 5430 cesar

163 5493 230 5552 Cum
246 5491 329 5566 igitur
343 5491 447 5548 munita
462 5497 536 5546 esset
550 5487 669 5562 undique
684 5489 779 5545 civitas
794 5487 925 5564 plurimo·
978 5487 1060 5543 rebus
1073 5483 1231 5556 compertis,
1249 5482 1388 5540 insinuare
1407 5479 1568 5551 praeciperet
1580 5474 1607 5528 id
1620 5468 1692 5542 quood
1706 5466 1778 5521 acci·

129 5603 188 5644 rom
206 5599 300 5658 regum
321 5581 466 5663 operihus;
490 5592 517 5638 et
538 5579 656 5636 maxime
669 5575 793 5653 Herodis,
810 5581 854 5662 qui
868 5594 928 5638 cas-
979 5579 1065 5646 derat,
1092 5589 1173 5632 casus
1198 5573 1354 5663 repentini,
1372 5586 1426 5633 oon
1454 5569 1536 5637 uilius
1561 5560 1668 5626 tostius
1695 5556 1779 5628 fuisit

168 5833 182 5866 a
201 5813 348 5880 tttamtnet.
364 5809 458 5874 Rasa,
