4075 6359
261 270 329 331 ngg
919 248 1044 313 stridat
1062 247 1223 309 113110811
1847 252 1924 311 tutis

255 390 356 447 laciem
380 386 479 445 mentia
500 385 628 449 interum,
648 376 776 451 cognosci
798 374 902 447 plenius
923 368 1190 445 gestiebatgmuoe
1212 367 1342 427 collatum
1357 379 1414 441 est,
1430 370 1528 429 saltem
1542 368 1646 444 aliquid
1664 370 1732 429 iude
1744 372 1923 445 pauperibus

258 493 287 543 et
299 483 420 555 lluysea,
432 491 459 539 et
469 479 528 553 ipse
538 485 649 535 sanctus
659 471 755 539 Dauid,
766 469 812 543 qni
822 468 886 526 alibi
898 467 937 525 ait
950 483 958 520 r
971 463 1060 521 Proin
1108 478 1259 537 aspergas:
1275 477 1304 521 ut
1318 464 1416 537 quibus
1427 464 1498 537 iuris
1512 466 1551 523 tui
1562 466 1732 523 consortium
1746 465 1860 534 debes,
1876 469 1923 525 iris

259 594 315 645 me,
332 576 457 641 Domine,
472 583 495 629 et
510 582 579 628 tento
597 586 637 625 ure
656 564 743 641 (Psoi.
759 578 827 631 uxr,
841 560 883 635 1).
904 558 964 617 Non
985 558 1058 617 enlm
1109 558 1238 615 alimenta
1250 572 1304 615 non
1318 558 1448 631 deneges.

259 670 345 727 uellet
359 667 468 741 proburl
483 666 506 722 si
531 665 558 720 in
572 677 601 719 se
615 661 718 718 crimen
734 663 916 729 agnosceret:
932 668 983 709 nec
998 660 1059 710 teu·
1144 652 1190 709 25.
1208 653 1256 710 list
1268 654 1349 711 etiam
1363 654 1560 713 misericordiae
1571 654 1676 715 donare
1688 664 1838 730 pec-cmm
1859 674 1868 711 ε
1894 668 1925 713 et

260 765 328 831 tari,
352 764 375 817 si
398 758 568 833 passionibus
591 756 719 829 grauilms
742 766 773 808 se
796 750 879 807 sciret
899 746 1059 803 obnoxium.
1110 746 1307 805 misericordie
1320 756 1379 816 est,
1403 758 1431 806 ct
1447 750 1563 823 justitiae
1580 760 1634 809 est.
1655 752 1779 823 Denique
1799 750 1924 824 justitia

261 856 344 915 Liber
358 855 596 926 igiturapeccatn,
613 849 667 904 Deo
680 861 711 903 se
722 842 839 915 cupidus
851 840 994 897 ollerebut.
1006 838 1061 895 sed
1111 842 1223 901 ascribit
1243 842 1384 916 Scriptura
1403 844 1494 901 diuina
1514 844 1622 903 veniant
1648 856 1852 919 peccatorum,
1876 862 1924 904 se-

261 947 448 1019 lortassequiu
461 943 550 1001 adhuc
562 936 847 1013 frequentioriltnsDei
860 931 1063 989 visitationibus
1111 939 1230 995 cundum
1250 938 1315 994 lund
1334 938 1408 1010 qnod
1422 938 1505 997 nudie
1524 940 1624 997 toppum
1649 951 1692 997 δι
1712 958 1721 997 :
1744 939 1924 997 amiam

262 1044 414 1101 mundnsa
438 1040 504 1095 vitio
519 1053 574 1095 non
598 1034 681 1102 iuret,
705 1048 759 1087 trun
782 1031 862 1087 tuerit
881 1029 910 1085 in
926 1026 1063 1099 principio
1113 1031 1212 1105 iignum
1231 1031 1329 1099 bound
1350 1034 1381 1105 fit
1402 1035 1611 1107 potissmium:
1633 1035 1804 1091 maledicturus
1829 1045 1924 1091 mear

262 1140 398 1212 perlectus
411 1178 419 1203 ,
436 1142 532 1205 utpote
546 1132 589 1188 eui
609 1139 675 1185 autc
696 1124 834 1199 paululum
856 1122 958 1179 dictum
980 1129 1040 1177 erat
1056 1140 1062 1175 :
1114 1123 1213 1197 liquant
1225 1126 1294 1197 qaod
1313 1125 1343 1196 fit
1355 1143 1401 1199 per
1414 1143 1507 1183 mouet
1518 1130 1652 1183 leudunum
1670 1127 1756 1201 (Sap.
1774 1144 1842 1198 aar,
1866 1130 1884 1187 1
1898 1139 1924 1185 et

261 1234 339 1293 Soloe
359 1231 560 1287 calceamentum
583 1223 679 1295 pedum
701 1230 805 1275 tuorum
819 1218 829 1289 (
841 1214 926 1271 deod.
946 1229 990 1283 ιιι,
1007 1212 1062 1283 ὄις
1114 1215 1154 1290 8).
1170 1218 1304 1290 Superius
1315 1220 1349 1275 aul
1367 1235 1477 1279 crucem
1490 1222 1599 1278 Domini
1611 1222 1716 1289 retulit,
1732 1222 1922 1294 posteriusatl

259 1326 328 1385 illud
344 1327 439 1399 utique
454 1324 669 1381 calceamentum
685 1314 758 1389 quod
779 1314 814 1371 de
826 1311 946 1385 AEgypto
960 1309 1066 1368 detulc·
1114 1328 1238 1371 errorem
1261 1315 1425 1386 gentilium,
1447 1315 1493 1389 qui
1516 1316 1588 1385 ligna
1607 1323 1786 1373 uenerantur.
1808 1316 1923 1374 lustitia

259 1433 314 1490 rat,
329 1422 381 1477 lroc
396 1426 450 1484 est,
472 1428 614 1487 corporeae
636 1408 851 1469 conuersationis
871 1406 1064 1469 irnmucrum3
1115 1414 1207 1463 autem
1221 1422 1281 1479 quae
1294 1417 1338 1464 est
1350 1407 1457 1475 crucis,
1472 1409 1525 1465 uisi
1537 1408 1611 1481 quod
1624 1409 1776 1467 ascendens
1788 1410 1860 1467 iilud
1874 1427 1924 1481 pa·

261 1518 325 1577 ideo
337 1515 407 1571 dicit
418 1512 444 1568 ei
459 1510 608 1567 Dominus:
621 1504 706 1563 Nemo
717 1504 851 1561 lominum
862 1500 956 1557 uidebit
972 1499 1066 1571 {oriem
1117 1500 1232 1557 tibuluua
1246 1501 1461 1561 Dominuslesus
1473 1502 1610 1569 cbristus,
1623 1512 1799 1575 peccaturum
1808 1514 1923 1561 inostro·

264 1590 366 1677 mm,
380 1617 405 1664 et
414 1607 491 1662 puppo,
1118 1608 1177 1651 rum
1185 1592 1398 1667 chirographum
1405 1595 1550 1665 crucillxit,
1561 1605 1591 1653 et
1600 1598 1682 1653 totius
1688 1597 1766 1654 orbis
1776 1606 1923 1669 peecatum

299 1703 346 1760 al.
366 1698 480 1770 Quando
495 1705 586 1753 autem
602 1693 628 1751 id
641 1693 745 1749 dictum
759 1691 812 1761 sit,
826 1688 981 1747 considera.
994 1686 1068 1744 Noo-
1117 1702 1168 1745 suo
1180 1671 1279 1745 ιιιιοιὲ
1292 1689 1453 1747 mundaritl
1463 1687 1494 1748 ln
1508 1706 1562 1763 quo
1574 1704 1640 1763 ergo
1652 1690 1743 1762 justus
1757 1691 1834 1749 Deua
1847 1734 1857 1762 ,
1872 1692 1924 1749 nisi

266 1797 331 1852 duru
344 1794 369 1849 ci
382 1792 484 1849 dictum
500 1797 561 1845 erat
576 1806 582 1844 :
599 1784 709 1841 Fnciorn
721 1794 745 1839 te
759 1784 786 1838 in
799 1782 876 1838 domn
890 1780 944 1854 regi
959 1778 1067 1835 Pluruo
1081 1778 1107 1842 Β
1119 1781 1147 1838 iu
1161 1795 1196 1837 eo
1207 1781 1270 1853 quia
1288 1783 1367 1839 sciuit
1379 1784 1452 1855 quod
1474 1784 1510 1841 de
1524 1783 1589 1841 limo
1604 1797 1686 1843 terrae
1700 1786 1842 1843 bominem
1856 1788 1925 1858 ligu-

268 1885 370 1964 (llood.
385 1900 437 1951 uu,
451 1881 490 1957 l).
508 1890 522 1920 ⁸
547 1880 644 1938 lldhuc
659 1878 743 1935 homo
756 1883 829 1945 erat,
843 1884 872 1933 et
886 1874 948 1930 ideo
962 1871 1030 1929 illud
1041 1870 1068 1928 ei
1119 1875 1203 1942 rasit,
1218 1890 1281 1946 que
1292 1884 1364 1933 terra
1379 1877 1474 1949 utique
1487 1878 1651 1948 corruptelae
1671 1879 1790 1935 obnoxia
1813 1889 1859 1935 est
1871 1921 1880 1947 ,
1893 1894 1924 1935 ae

266 1983 357 2039 dicit:
381 1990 527 2051 processus
547 1975 572 2031 ei
591 1971 763 2039 debebatur,
777 1978 807 2027 ut
822 1970 849 2025 in
868 1968 949 2025 deam
970 1968 1067 2033 lieren
1119 1968 1186 2025 uitio
1200 1968 1311 2025 lubrice
1330 1968 1489 2041 passionisl
1510 1969 1658 2042 Propterea
1680 1986 1748 2044 ergo
1768 1972 1923 2038 Dominus,

268 2084 297 2131 et
311 2074 372 2130 ideo
384 2071 488 2128 dictum
509 2076 552 2125 est
564 2065 590 2123 ei
605 2083 612 2121 r
630 2067 667 2122 De
690 2063 800 2120 immine
820 2061 886 2129 dixi,
901 2060 1004 2117 desiste
1019 2060 1071 2115 luo·
1120 2060 1167 2132 qui
1180 2062 1459 2121 secuudumauimam
1474 2071 1502 2120 tc
1513 2064 1548 2119 nt
1563 2064 1750 2136 imaginent
1763 2066 1920 2123 similitudi·

269 2168 351 2225 minis
366 2164 466 2223 habero
481 2170 607 2235 peccata,
622 2168 650 2217 et
664 2156 769 2215 uidebis
786 2154 883 2213 iacieru
897 2168 996 2212 meam.
1017 2152 1070 2223 Qui
1121 2169 1183 2211 nem
1197 2156 1331 2225 suilecit,
1344 2159 1397 2214 boc
1410 2166 1471 2227 est,
1483 2158 1692 2230 rationabilem,
1704 2160 1832 2231 justum,
1848 2162 1926 2233 pum·

269 2260 343 2315 enim
358 2258 456 2315 lacicm
475 2269 563 2311 meam
585 2252 671 2320 videt,
692 2249 775 2307 debet
789 2264 851 2306 esse
866 2248 926 2304 sine
945 2256 1069 2321 peccato.
1121 2266 1185 2307 cum
1198 2252 1208 2321 (
1220 2251 1248 2307 in
1260 2251 1380 2309 eoeuim
1393 2251 1428 2308 ad
1441 2250 1588 2325 imaginent
1604 2253 1801 2322 Deiee,sisis
1814 2254 1924 2325 iustos,

269 2352 323 2410 Sed
336 2353 399 2424 qnia
416 2351 498 2425 lromo
512 2347 571 2404 sine
584 2354 698 2419 peccato
710 2358 772 2400 esse
784 2358 839 2399 nou
852 2350 953 2413 potest,
969 2340 1033 2397 ideo
1042 2349 1073 2396 ut
1122 2355 1152 2401 ut
1162 2345 1200 2402 sis
1213 2346 1303 2418 imago
1314 2343 1446 2417 justitio:
1467 2345 1491 2401 si
1503 2346 1543 2401 sis
1555 2356 1658 2415 castus,
1669 2355 1700 2402 ut
1714 2347 1884 2405 immaculati
1900 2348 1925 2403 io

245 2507 248 2515 ,
271 2454 300 2508 in
310 2452 354 2510 dei
364 2450 574 2522 appeliationem
585 2448 670 2519 possit
684 2458 856 2513 excrescere,
870 2452 1071 2499 commonetur.
1124 2446 1151 2495 te
1167 2437 1250 2509 igura
1265 2436 1437 2510 prelulgeat)
1451 2439 1542 2496 sciens
1553 2454 1621 2511 ergo
1633 2440 1784 2497 seeundum
1801 2443 1927 2514 emporis

270 2548 305 2604 lit
326 2546 391 2619 quid
412 2544 447 2601 de
460 2543 504 2600 dei
524 2540 707 2614 appellatione
727 2537 837 2595 dicuml
858 2536 924 2593 Esto
947 2535 1071 2607 augelus,
1123 2529 1297 2604 lragilitatem
1308 2532 1472 2604 corruptela
1482 2543 1577 2605 patere
1585 2532 1734 2601 bominem,
1746 2536 1827 2606 quasi
1837 2534 1926 2606 iusim

270 2639 323 2697 noc
336 2650 389 2704 est,
405 2637 490 2694 diuini
503 2636 627 2692 minister
641 2632 761 2705 imperii,
775 2632 926 2703 obsequere
940 2627 1075 2685 mandatis
1124 2622 1212 2696 lragili
1226 2624 1394 2698 lubricaque
1408 2635 1513 2683 naturae
1526 2625 1626 2684 delicta
1639 2628 1784 2685 concessit.

269 2732 388 2791 Domini.
404 2730 471 2789 Cum
483 2728 567 2799 lueris
581 2724 697 2799 angelus
707 2766 715 2794 ,
726 2722 832 2782 uidebit
841 2720 938 2779 faciem
952 2720 1073 2777 Domini.
1160 2717 1206 2773 11.
1222 2720 1261 2775 Ac
1275 2734 1310 2775 ne
1321 2718 1391 2775 lorte
1404 2719 1477 2775 dicat
1491 2719 1609 2792 aliquis:
1623 2720 1679 2777 Cur
1689 2736 1757 2793 ergo
1771 2721 1859 2778 Adam
1871 2736 1926 2777 ma·

273 2826 399 2897 llaguum
424 2831 467 2880 est
487 2820 581 2878 uidere
608 2818 654 2875 Dei
679 2817 794 2874 uultum.
811 2814 868 2871 Lex
890 2813 939 2871 tibi
961 2812 1029 2871 dicit
1046 2820 1077 2870 ut
1124 2812 1227 2869 ledicto
1247 2812 1444 2885 sententiaque
1467 2812 1624 2883 subjacuit?
1648 2812 1786 2885 Numquid
1809 2813 1927 2885 iniamus

271 2920 354 2978 tertio
369 2932 394 2975 te
407 2917 508 2975 olleras
523 2915 550 2971 in
569 2912 751 2971 llierusaleur.
776 2910 836 2981 lpse
852 2908 982 2965 Dominus
995 2906 1076 2964 lesus
1126 2906 1220 2963 Densi
1233 2904 1293 2962 lion
1305 2906 1410 2976 utique.
1422 2904 1478 2962 Sed
1490 2904 1637 2977 quiaquasi
1652 2905 1743 2978 fragili
1757 2916 1840 2979 atquc
1852 2905 1927 2963 iullr·

273 3014 310 3070 ait
334 3032 342 3068 ι
366 3008 440 3067 Deoti
462 3006 560 3063 mundo
581 3004 675 3071 cor·de,·
699 3004 750 3075 ipsi
771 3005 840 3059 enim
852 3000 936 3057 Deum
954 3000 1077 3057 ridebunt
1127 3016 1173 3056 mo
1185 3000 1251 3071 quid
1263 3008 1373 3057 careret
1388 3008 1452 3057 ante
1463 2998 1631 3071 praescripsit
1643 3000 1780 3074 (intirmus
1790 3002 1926 3059 enimnuu

274 3104 391 3180 (llatdu
407 3119 439 3171 v,
461 3098 506 3173 8).
528 3098 656 3157 Aduenis
674 3096 741 3169 quid
756 3110 772 3151 a
787 3102 816 3151 te
831 3094 973 3167 erigatur,
990 3103 1019 3148 ut
1037 3092 1078 3148 ri·
1127 3106 1260 3162 usurpem
1274 3092 1375 3161 debet,
1391 3092 1441 3149 sed
1454 3092 1568 3151 obedire
1580 3093 1767 3168 mandatis),⁶
1784 3094 1849 3151 ideo
1858 3108 1926 3165 pru·

213 3250 224 3275 ,
275 3198 342 3255 deas
359 3197 459 3260 Deum;
475 3192 521 3249 cni
543 3190 607 3247 uitae
626 3189 765 3260 proposita
784 3186 822 3243 sit
842 3185 1018 3257 prerogativa
1040 3166 1117 3241 ιι-(ἷ
1132 3185 1307 3242 amicationis
1326 3186 1413 3258 magis
1434 3202 1512 3243 reum
1532 3187 1637 3255 tenuit,
1657 3202 1739 3260 quatu
1763 3188 1926 3259 prolapsioni

278 3290 361 3349 dendi
384 3286 490 3364 106AE
510 3284 613 3343 Deuml
630 3280 756 3339 Druuuuda
769 3280 850 3353 igitur
870 3295 919 3336 cor
939 3290 1031 3348 tuum,
1051 3288 1082 3335 ut
1131 3277 1245 3335 addixit.
1269 3278 1300 3335 lu
1324 3280 1400 3337 iilum
1426 3281 1508 3353 igitur
1526 3281 1600 3353 iusta
1623 3283 1778 3340 severitatis
1797 3282 1928 3354 processit

278 3385 358 3458 quasi
378 3397 466 3439 riorus
483 3379 587 3436 creeris
601 3384 735 3433 renouato
750 3374 860 3445 spiritu.
874 3372 977 3431 Omnes
993 3372 1081 3444 pollu-
1131 3374 1266 3431 mutantia
1279 3392 1286 3443 ;
1300 3375 1363 3447 quia
1377 3376 1450 3433 scire
1462 3376 1558 3445 voluit,
1575 3377 1649 3449 quod
1662 3378 1735 3436 scire
1747 3393 1803 3435 nou
1818 3378 1926 3449 proluit.

280 3490 323 3537 tas
334 3476 515 3548 cogitationes
527 3472 562 3529 de
574 3470 714 3527 cordetuo
725 3467 823 3540 abjice,
836 3466 902 3523 nihil
912 3468 1008 3538 sitquo
1020 3476 1082 3523 tuus
1132 3468 1365 3542 Nobisantemqui
1375 3469 1549 3527 hereditario
1558 3471 1667 3529 uinculo
1680 3482 1806 3529 tenemur
1814 3472 1928 3537 astricti,

194 3560 197 3567 ’
280 3571 438 3643 inquinetur
453 3564 568 3623 aductus
587 3582 594 3617 :
615 3561 730 3634 simplex
753 3575 841 3627 meus,
857 3574 923 3631 pura
938 3559 1082 3616 sinceritas
1133 3562 1179 3635 qui
1195 3562 1222 3619 iu
1243 3562 1294 3619 hac
1315 3578 1525 3630 carnosumus,
1547 3578 1609 3636 quae
1630 3564 1751 3635 priorum
1775 3562 1928 3636 praejudicio

281 3668 327 3724 eit.
343 3663 456 3722 'lalibus
477 3677 507 3718 se
526 3658 659 3717 Dominus
679 3672 742 3715 curn
766 3656 937 3713 involucrum
959 3655 1082 3727 corporis
1133 3655 1233 3713 detrita
1257 3658 1363 3733 1005
1379 3658 1436 3729 jam
1455 3666 1537 3730 atque
1560 3658 1710 3715 assueiacta
1733 3660 1854 3732 peccatis
1875 3674 1927 3715 nou

282 3755 471 3829 deposuerint,
486 3751 677 3813 demonstrare
689 3750 827 3821 dignatur.
1134 3758 1242 3822 poterat
1256 3764 1415 3823 emergere,
1439 3750 1517 3822 quasi
1525 3751 1617 3822 justus
1630 3750 1761 3818 indulsit,
1775 3751 1848 3822 juste
1858 3752 1929 3807 cuim

318 3849 365 3905 22.
386 3848 463 3905 Nunc
477 3846 513 3903 de
527 3846 631 3917 reliqua
647 3844 733 3915 ipsius
747 3856 843 3900 uersus
857 3850 934 3915 parte
949 3842 1081 3899 dicamus.
1134 3843 1238 3915 ignovit
1249 3842 1362 3919 baeredi,
1378 3843 1422 3915 qui
1437 3843 1595 3915 prejudicio
1605 3844 1747 3901 laborabat
1755 3844 1884 3901 auctoris.

284 3941 426 4009 llirererc,
443 3940 544 4011 iuquit,
560 3937 610 3992 mei
628 3935 771 3992 secundum
785 3936 889 3989 onium
902 3944 984 3989 tunm.
1000 3934 1084 3993 llise·
1170 3936 1216 3991 25.
1234 3936 1284 3993 Est
1294 3952 1360 4009 ergo
1370 3938 1442 4009 justa
1456 3937 1661 4006 misericordia,
1678 3938 1728 3995 sed
1742 3940 1876 3995 cstetiam
1890 3939 1929 3993 in·

282 4032 401 4092 ricordia
416 4031 524 4103 quidem
543 4028 655 4103 justitiae
675 4026 766 4099 portio
781 4036 840 4093 est;
857 4033 886 4082 ut
904 4027 927 4083 si
948 4026 1014 4083 uelis
1035 4026 1086 4083 do-
1134 4033 1208 4104 Jnsta
1222 4030 1407 4089 misericordia
1424 4031 1496 4105 (att,
1508 4042 1601 4105 quoert.
1620 4031 1654 4101 l,
1672 4048 1732 4100 cup.
1751 4032 1927 4105 lintiniacum).

283 4143 349 4184 nare
362 4123 542 4197 pauperibus,
566 4122 626 4178 lucc
643 4118 831 4178 misericordia
846 4120 953 4190 justitia
971 4128 1026 4186 est,
1042 4134 1086 4177 ιθ·
1136 4126 1258 4199 Denique
1268 4128 1294 4183 in
1306 4127 1379 4199 Lege
1390 4126 1521 4198 scriptum
1533 4137 1575 4184 est
1584 4127 1619 4184 de
1631 4126 1749 4200 quodam
1759 4125 1774 4166 l
1786 4145 1794 4183 r
1808 4126 1869 4184 Non
1881 4128 1930 4182 ori·

282 4221 400 4281 cundum
416 4217 481 4274 illud
497 4236 504 4274 :
520 4216 667 4287 Disperrit,
688 4212 760 4270 dedit
778 4212 935 4286 pauperibus
953 4229 962 4267 .·
980 4214 1086 4287 justitio
1136 4222 1257 4277 perpletis
1268 4221 1340 4278 illiue
1354 4219 1445 4294 (Deru.
1459 4237 1514 4290 arx,
1531 4220 1588 4294 lb).
1600 4222 1634 4279 Et
1647 4223 1674 4277 in
1687 4222 1764 4280 libris
1776 4222 1928 4295 Regnorum

281 4320 340 4391 ejus
358 4324 442 4370 mouet
461 4313 490 4367 iu
507 4319 631 4367 orterrmuu
648 4306 741 4379 (Psoi.
760 4321 824 4375 cau,
839 4304 884 4379 D).
906 4306 1008 4363 Deinde
1022 4308 1085 4380 quia
1137 4314 1206 4385 legis
1218 4314 1284 4383 quia
1301 4313 1367 4371 Saul
1384 4322 1530 4385 propterea
1547 4316 1686 4370 contruxit
1697 4312 1850 4383 ollensum,
1871 4317 1930 4387 quia

282 4408 433 4467 corulormis
449 4416 511 4462 tuns
529 4403 660 4475 injustum
674 4411 716 4457 est
730 4410 761 4456 ut
775 4414 829 4455 nou
844 4399 989 4470 adiuvetur
1008 4415 1025 4456 a
1041 4414 1087 4457 so·
1138 4407 1285 4463 miseratus
1299 4415 1341 4462 est
1355 4408 1429 4479 ¹tgag
1440 4406 1559 4465 bostium
1575 4422 1678 4477 regem,
1692 4422 1772 4479 quem
1786 4408 1928 4479 prohibue-

282 4502 343 4567 clo;
365 4515 426 4557 curu
450 4498 600 4569 pracsertim
627 4495 756 4551 Dominus
779 4495 850 4550 Deus
870 4505 964 4551 noster
985 4503 1086 4551 terram
1139 4506 1181 4555 rat
1192 4496 1427 4555 sententiadiuina
1441 4497 1590 4572 seruari(l
1603 4497 1668 4573 lieg.
1682 4513 1729 4567 xv,
1740 4498 1779 4570 9).
1793 4498 1829 4556 llt
1840 4496 1932 4570 siquis

284 4592 356 4649 banc
376 4590 576 4662 possessionem
591 4588 714 4643 omnium
732 4585 873 4642 bominum
894 4585 1010 4642 voluerit
1026 4601 1087 4643 esse
1100 4568 1127 4630 D
1139 4590 1252 4646 latronis
1266 4588 1328 4645 lllils
1342 4590 1553 4661 deprecantibus
1568 4599 1658 4647 motus
1669 4631 1676 4658 ,
1688 4598 1717 4646 ct
1727 4590 1930 4662 lacrymiscou·

285 4697 474 4747 communem,
500 4689 528 4736 et
550 4679 655 4737 lructns
677 4678 804 4737 omnibus
826 4678 983 4736 ministrare
993 4679 1011 4751 ξε
1037 4680 1086 4737 sed
1136 4683 1210 4756 jugis
1227 4683 1286 4752 ejus
1307 4683 1443 4751 indotos,
1458 4682 1653 4740 absolvendum
1669 4692 1761 4755 prutct,
1776 4683 1820 4739 eui
1846 4681 1931 4739 adbuc

284 4775 399 4835 auaritia
428 4774 629 4846 possessionum
652 4772 714 4843 lura
735 4771 886 4829 distribuit.
907 4772 1014 4830 lustum
1045 4784 1088 4831 est
1136 4773 1317 4831 latrocinandi
1330 4774 1433 4847 aspiret
1450 4774 1583 4832 alectus:
1600 4788 1691 4831 nonoe
1706 4774 1868 4832 innocentes
1881 4784 1933 4829 tra

237 4906 251 4931 .
284 4872 365 4944 igitur
379 4876 410 4923 nt
423 4867 447 4923 sl
461 4865 564 4935 aliquid
578 4864 626 4921 tibi
641 4864 775 4937 priuatum
795 4864 929 4932 vindicas,
948 4867 1022 4938 quod
1040 4882 1087 4939 ge·
1138 4868 1185 4925 det
1197 4868 1360 4940 exitio,qui
1375 4869 1523 4925 multorum
1543 4868 1641 4926 liberat
1654 4868 1737 4925 exitia
1750 4868 1932 4940 cogitanteml

285 4965 344 5022 neri
357 4963 493 5027 humano,
510 4960 593 5016 immo
607 4957 735 5017 omnibus
755 4958 940 5016 animantibus
962 4962 989 5017 iu
1004 4977 1087 5035 eom·
1138 4958 1221 5017 Certe
1238 4960 1261 5016 si
1273 4960 1393 5033 gladium
1414 4961 1558 5034 reprimit,
1572 4960 1679 5017 uincula
1698 4960 1869 5030 dissoluit,·
1887 4976 1933 5019 cur

284 5149 418 5223 potiorem
431 5156 494 5198 esse
515 5148 637 5196 nostram
650 5153 684 5195 ao
699 5152 765 5193 mss.
780 5137 927 5205 lectionem
943 5154 997 5194 nnn
1011 5138 1084 5195 dilli-
1134 5156 1151 5197 a
1166 5158 1231 5199 mss.
1243 5143 1387 5215 omnibns,
1404 5152 1433 5200 et
1451 5153 1509 5200 ant.
1523 5142 1590 5201 edit.
1604 5124 1667 5200 cum
1685 5144 1755 5201 inter
1774 5158 1806 5201 se
1817 5157 1932 5203 conscu-

286 5222 398 5277 tebitnr.
412 5217 458 5287 qui
475 5216 564 5271 locum
576 5212 656 5338 paulo
670 5212 824 5266 accuratius
837 5212 1047 5267 exuuntuauerit.
1138 5216 1209 5271 tiuut
1219 5231 1293 5287 egre
1306 5216 1474 5272 divellimur.

322 5298 336 5329 ι
356 5288 430 5345 Edil·
448 5286 527 5342 Rom·
543 5300 574 5341 ⁸⁰
588 5298 621 5349 ³·
639 5282 732 5337 Mill&
746 5282 823 5337 ''lim‘’
836 5290 901 5348 ‘'a‘’
921 5284 1086 5355 1100111111
1173 5317 1184 5345 ⁰
1206 5305 1278 5361 lilit.
1295 5320 1410 5372 ornnes,
1433 5314 1461 5361 ct
1480 5320 1547 5361 auos.
1564 5306 1686 5432 aliarum,
1706 5307 1765 5361 ideo
1781 5307 1933 5379 proeonrirn·

287 5361 434 5425 debriatur,
446 5368 474 5411 m
491 5358 518 5411 in
540 5355 617 5411 deum
631 5356 718 5421 ficret,
739 5362 763 5437 et
780 5353 958 5438 ideo-dictum
979 5363 1017 5410 ert
1036 5355 1060 5410 ci
1076 5372 1085 5409 .-
1137 5378 1216 5433 pm,
1229 5394 1302 5434 mm
1314 5378 1413 5438 κω,
1428 5392 1518 5449 Μ,
1532 5385 1586 5434 010,
1627 5377 1696 5433 enus
1707 5375 1773 5447 qm,
1786 5379 1931 5450 quippme.

286 5435 366 5491 Soloe
385 5430 594 5484 calceamentum.
618 5424 659 5481 De
676 5424 778 5481 irorurne
797 5424 883 5495 droti,
905 5436 958 5482 eto.
978 5424 1086 5481 llursus
1136 5448 1191 5521 jori
1206 5464 1333 5513 flumem,
1347 5458 1377 5503 „p
1390 5462 1442 5503 „03
1455 5450 1482 5504 p„
1498 5460 1585 5505 pum,

287 5504 382 5575 paucis
396 5499 548 5568 interjectis
560 5498 655 5553 eadem
671 5500 754 5551 etiam
769 5497 843 5561 sola,
858 5506 885 5553 ut
895 5500 970 5552 tertio
987 5505 1012 5552 tc
1022 5494 1087 5565 offe-

285 5588 429 5632 rorcuram
441 5569 561 5625 Domino.
578 5567 635 5625 Sed
651 5567 792 5639 utriusque
810 5568 938 5625 lectionis
952 5584 1023 5625 unus
1045 5576 1089 5625 est
1142 5613 1148 5626 .

286 5660 397 5705 seusus.

1175 5538 1190 5577 ά
1208 5539 1258 5596 llio
1280 5538 1408 5596 nimirum
1428 5537 1476 5610 qul
1490 5539 1645 5610 proximum
1660 5553 1741 5596 suum
1756 5556 1805 5612 per
1824 5538 1934 5603 insidias

1143 5611 1322 5668 interfecerit.
1916 5640 1920 5647 -

285 5774 288 5783 ,
322 5716 436 5773 ι11ιιιιι.
453 5712 536 5781 edim,
553 5712 683 5785 perquod
698 5711 727 5782 fit
743 5708 1089 5783 institimllabllxuimi·
1142 5742 1148 5765 ι
1180 5704 1285 5762 ο11111.
1306 5704 1510 5763 Domex'ant.
1528 5704 1752 5773 edibllratianl,
1775 5708 1848 5763 mut
1867 5709 1934 5763 easi-

283 5805 343 5847 rum
368 5785 440 5861 upum
454 5800 524 5857 quos
537 5787 629 5857 legas,
646 5783 680 5839 δι’
693 5780 723 5838 οὗ
736 5786 835 5858 γίνεται
852 5781 1007 5843 δικαιοσύνη.
1032 5782 1088 5842 sed
1142 5780 1216 5834 bunt.
1232 5775 1301 5833 Alie
1311 5788 1408 5833 omnes
1420 5791 1483 5833 cum
1501 5790 1567 5834 mss.
1579 5776 1661 5845 cod,
1677 5777 1750 5834 locut
1765 5778 1867 5836 exsilio.
1882 5778 1932 5835 So-
