4075 6359
298 333 371 392 alet
984 332 1109 394 stttett
1127 333 1295 398 tubuesu
1891 347 1944 408 itta

300 463 356 508 tur.
389 450 446 510 tier
476 449 615 510 immerito
641 451 686 510 ael
712 459 850 521 tutamen,
874 452 917 510 rel
944 453 1397 526 magnitudoAprapouderaret:
1420 457 1487 516 satis
1504 459 1532 516 iu
1554 459 1632 517 bello
1650 459 1749 518 ualere
1768 461 1867 518 lamam
1885 464 1944 522 drea

302 559 400 619 portos
422 545 577 620 hujusmodi
591 557 652 614 est,
667 563 729 604 curn
751 547 779 602 in
797 562 861 604 cum
884 561 947 619 qua
970 547 1004 602 ad
1026 561 1105 603 usum
1158 563 1215 603 rem
1230 563 1365 606 summam
1378 553 1523 624 gerentis:
1543 554 1751 626 Vespasianum
1773 557 1801 612 iu
1822 555 1945 616 culina-,53

303 639 390 694 totius
412 639 488 695 orbis
510 639 672 710 proficiant,
688 640 845 698 convectari
859 640 1043 697 necessarium
1059 641 1104 696 sit.
1158 641 1947 725 partibus,etBritanniarumuicturiisemicuisseziespa·

302 728 371 787 Narro
393 740 421 786 ct
443 732 535 802 populi
556 731 769 792 innumerabiles
783 733 942 789 corumdem
964 733 1104 800 locoruro,
1156 735 1948 815 sianumorientalibossuceinctumadoreis,magnentisal

301 825 336 882 ad
361 842 440 882 usum
460 827 501 884 sui
526 837 658 899 expetunt
678 830 761 886 totius
781 829 856 886 orbis
878 830 1061 895 contrieram,
1078 841 1106 886 et
1157 828 1276 885 nominis
1291 831 1465 902 prejudicio:
1477 833 1729 907 Vitelliumjautem
1747 839 1819 894 nibil
1833 840 1949 898 aliudn'ui

302 920 410 994 lrugum
430 921 505 993 regio
521 921 610 987 lerax,
628 929 845 994 ceterorumque
866 931 945 980 terrac
960 936 1104 980 murrerum
1157 919 1950 1003 rinosolutum,etiutereonuiriapridianasemperraetan

302 1011 347 1068 uel
364 1012 536 1084 negotiorum
555 1011 717 1082 abundans,
733 1023 818 1070 totum
842 1012 981 1072 lrumento
998 1015 1048 1070 alit
1063 1022 1105 1070 at·
1159 1020 1212 1070 tem
1224 1015 1672 1094 epulas,nibilaliadexspeetare,
1684 1025 1949 1084 nisiutcumbastis'·

300 1120 354 1176 qrre
369 1105 480 1162 instruit
500 1106 664 1164 necessariis
687 1106 823 1164 mercibus
838 1107 932 1164 orbern
955 1116 1101 1164 terrarum.
1155 1107 1310 1177 adueniret,
1324 1111 1418 1168 ebrius
1437 1124 1531 1186 pereat
1545 1115 1608 1173 sine
1623 1133 1711 1174 sensu
1726 1117 1845 1176 doloris.
1861 1122 1899 1176 Ex
1913 1122 1950 1178 illo

578 1198 693 1258 CAPUT
705 1200 823 1260 xxittt.
1155 1202 1487 1274 aegerimilitumanimos
1495 1211 1563 1266 tanti
1571 1211 1662 1283 gloria
1668 1213 1951 1285 imperatoriszexiato

335 1292 501 1368 Gonrpositis
524 1294 618 1366 itaque
638 1309 703 1366 erga
727 1295 860 1352 serebas
883 1295 910 1352 in
934 1294 1102 1353 Alexandria
1153 1295 1235 1369 dejici
1245 1313 1293 1369 per
1303 1303 1451 1373 opprobria
1460 1304 1529 1376 ejas,
1547 1313 1578 1363 et
1592 1308 1803 1378 turpitudines:
1818 1313 1950 1369 cumaea

298 1388 499 1462 Vespasianus,
515 1397 544 1447 et
556 1389 655 1445 studiis
669 1390 790 1444 omnium
810 1389 856 1461 qui
874 1406 933 1446 rena
951 1391 1101 1448 militarem
1153 1392 1275 1462 damme
1285 1396 1384 1466 prioris
1396 1398 1763 1462 bertilamaueorniueret:
1777 1405 1952 1465 tieerrieeou

297 1483 452 1556 gerebant,
466 1484 538 1540 cirea
554 1499 634 1539 suurn
647 1483 793 1556 imperium
804 1485 1041 1556 conspirantibus,
1057 1499 1102 1544 se·
1152 1484 1287 1546 Othonem
1307 1489 1417 1549 Vitellio
1431 1508 1546 1565 parem,
1568 1495 1704 1554 aduersus
1717 1512 1785 1554 uum
1801 1515 1877 1556 „nne
1899 1515 1950 1559 ω,

296 1593 381 1634 curus
403 1578 554 1646 absentie,
572 1576 691 1634 reditum
707 1577 734 1634 in
749 1577 856 1652 Syriam
872 1587 992 1636 maturat
1007 1597 1014 1637 :
1031 1595 1101 1638 eon·
1152 1583 1312 1654 negotium,
1330 1585 1377 1657 qui
1392 1589 1583 1647 toturuorbem
1596 1591 1743 1664 triumphis
1754 1593 1948 1652 somniumne

297 1685 380 1731 uento
402 1675 539 1732 mandatis
562 1683 653 1733 tamen
673 1675 783 1731 Tiberio
801 1673 959 1734 Alexandro
974 1677 1021 1747 uui
1036 1685 1101 1733 tunc
1151 1678 1375 1747 praeveniendam
1396 1682 1485 1754 gratia
1499 1686 1705 1756 necessitatem,
1720 1697 1752 1746 ut
1767 1689 1857 1748 eireru
1871 1693 1950 1763 patim

298 1766 419 1843 AEgppto
438 1769 619 1840 praesidebat,
639 1779 670 1827 ut
687 1769 748 1843 ejus
769 1772 906 1827 exereitus
928 1770 976 1842 qui
992 1781 1048 1827 tum
1070 1771 1098 1828 in
1153 1767 1347 1842 Vespasianum
1380 1775 1505 1848 eligant,
1531 1793 1614 1847 quam
1642 1781 1751 1838 bostem
1772 1785 1948 1855 experiantur.

294 1863 484 1932 superioribus
496 1864 618 1934 partibus
629 1873 702 1931 crat,
714 1862 829 1935 gratiam
843 1863 894 1921 sibi
906 1865 1094 1932 consociaret,
1110 1859 1276 1922 Bliiserum
1289 1881 1352 1924 esse
1366 1867 1440 1924 bello
1457 1869 1528 1927 ciuili
1549 1873 1677 1941 rirrcere,
1693 1883 1801 1947 quante
1820 1879 1947 1935 miserius.

293 1955 354 2028 ipse
370 1971 481 2028 quernae
504 1957 693 2014 necessitatem
709 1953 817 2026 imperii
839 1955 974 2023 Romani,
996 1957 1096 2028 ouibus
1149 1957 1237 2023 uinci,
1250 1969 1280 2014 nt
1294 1960 1412 2018 rtceuu
1426 1962 1515 2020 bostis
1528 1970 1659 2023 tuorum!
1675 1969 1784 2027 Victori
1798 1975 1888 2044 patria
1901 1991 1949 2030 ma-

294 2058 388 2117 posset
406 2049 549 2121 adiuuaret
563 2049 678 2106 uiribus.
693 2051 759 2118 Qua
775 2049 829 2105 sibi
843 2049 971 2120 imposita
985 2048 1095 2116 lorent,
1148 2060 1210 2121 net,
1230 2053 1305 2112 ricto
1317 2057 1389 2127 perit
1405 2075 1412 2112 :
1428 2069 1475 2114 aut
1489 2061 1512 2116 si
1528 2073 1635 2131 mearet,
1651 2063 1684 2119 ad
1698 2066 1817 2122 metaris
1831 2068 1946 2126 infiat„

292 2139 421 2198 Tiberius
446 2157 494 2214 per
516 2143 661 2213 epistolam
685 2141 900 2214 prorirreialibus
920 2153 948 2198 et
964 2141 1096 2197 militibus
1147 2148 1286 2218 mauebit,
1309 2161 1339 2208 ut
1360 2153 1621 2212 videamureiribos
1641 2158 1771 2217 intulisse
1791 2161 1894 2218 bellum
1906 2181 1946 2234 pro

290 2233 460 2304 insinuavit,
483 2235 566 2308 idque
586 2236 621 2292 ab
645 2235 773 2292 omnibus
787 2251 850 2292 cum
872 2235 966 2291 laetitia
980 2249 1095 2307 suscep·
1147 2249 1275 2314 tyranno.
1287 2242 1341 2314 Qui
1354 2245 1428 2302 enim
1449 2247 1568 2304 uincitur
1582 2264 1637 2305 noo
1649 2251 1707 2321 jam
1728 2252 1822 2321 ciris,
1846 2255 1893 2312 sed
1913 2266 1945 2328 tp-

291 2336 369 2398 tunr,
393 2329 461 2386 tides
485 2331 636 2401 promissa,
661 2330 762 2388 eliusus
782 2330 866 2388 lavor.
898 2330 1094 2403 Vespasianum
1146 2351 1250 2394 rannus
1269 2348 1322 2394 est.
1337 2340 1409 2410 Quid
1428 2343 1598 2400 eornserimos
1612 2346 1713 2403 noxias
1727 2349 1944 2406 maausisemd

290 2423 417 2478 Caesarea
428 2423 563 2494 suscipit:
578 2423 642 2480 iude
654 2423 775 2488 beritos,
791 2423 972 2496 legationibus
984 2424 1095 2480 urbium
1146 2431 1213 2487 satis
1227 2433 1264 2488 sit
1274 2433 1372 2491 sceleri
1386 2435 1503 2503 vicisse,
1517 2448 1545 2492 ut
1559 2438 1660 2509 pudeat
1670 2441 1714 2497 eui
1728 2443 1890 2500 vicerimus.
1902 2445 1944 2499 Pr·

288 2533 352 2577 erim
368 2535 476 2578 summo
494 2520 595 2593 gaudio
610 2520 825 2578 corrssueutibus.
842 2518 901 2577 illie
913 2520 997 2576 etiam
1012 2519 1094 2576 lose·
1146 2523 1262 2579 ravimus
1277 2521 1292 2562 ‘¹
1305 2525 1347 2580 rel
1371 2527 1514 2597 irnperiurn
1537 2530 1660 2587 sobrium
1685 2531 1764 2601 iore,
1793 2536 1839 2592 rel
1863 2553 1942 2594 remu

289 2614 361 2686 pbus
374 2615 442 2670 solui
457 2626 574 2686 praecept
580 2629 612 2672 ns
624 2615 739 2670 uinculis
749 2615 829 2686 jussu
843 2613 1034 2684 imperatoris,
1045 2613 1094 2668 ad·
1145 2615 1516 2691 molibusexspergefactum,
1525 2637 1624 2680 sorano
1633 2638 1772 2697 perpetuu
1781 2631 1941 2687 munuum.

286 2708 357 2779 juvit
370 2707 903 2778 Tittrsutlrarrgerooturpotius,quanr
918 2707 1094 2763 soluerentur
1144 2707 1215 2777 Quid
1227 2720 1418 2780 exspectamus
1439 2714 1561 2771 diutins?
1582 2717 1711 2776 Pericula
1731 2732 1828 2780 nostra
1848 2726 1942 2798 ingrata

291 2813 406 2860 catenae.
417 2802 495 2871 erod
506 2805 527 2858 si
538 2803 739 2876 lrangereotur,
752 2804 787 2858 ita
798 2801 955 2872 essetquasi
967 2800 1094 2858 petrinis·
1144 2809 1207 2855 sunt
1219 2802 1348 2858 onrnibus
1363 2805 1616 2865 commilitonibus:
1630 2812 1763 2870 omnibus
1780 2819 1889 2887 populis
1905 2819 1943 2889 ju-

291 2905 335 2954 set
346 2897 454 2969 ligatus.
464 2897 570 2952 Placuit
579 2897 649 2967 patri
660 2896 778 2954 securim
793 2895 904 2962 delerri,
915 2895 994 2965 iussit
1005 2894 1094 2967 frangi
1143 2890 1214 2948 dicia
1227 2905 1320 2952 nostra
1333 2899 1497 2969 reprehensa
1510 2912 1536 2958 et
1546 2903 1731 2963 condemnata
1744 2919 1861 2981 propter
1870 2914 1942 2970 nucu

288 3000 410 3055 catenas,
420 2999 450 3046 ut
459 2987 733 3046 aduerterentiudaei
742 2988 794 3045 sibi
804 2987 1027 3060 quoqueueniam
1036 3001 1091 3044 non
1143 2985 1256 3060 flagitia.
1276 2989 1372 3059 Qualis
1386 2994 1423 3050 sit
1436 2997 1626 3067 considerate,
1639 3002 1687 3073 qui
1701 3004 1789 3060 etiam
1803 3007 1890 3064 rictu
1903 3025 1941 3064 re·

288 3083 456 3156 negandam,
471 3084 493 3140 si
509 3089 738 3140 coouerterentur
750 3090 778 3138 et
789 3095 883 3152 paoeut
897 3088 1040 3153 rogarent:
1056 3079 1092 3135 si·
1144 3081 1271 3151 pudiatus
1295 3097 1346 3142 est.
1370 3085 1587 3147 consultantium
1613 3105 1691 3151 certe
1717 3099 1795 3167 prius
1823 3099 1860 3158 de
1884 3101 1940 3160 belli

286 3179 344 3234 mul
359 3177 423 3249 qrria
437 3193 491 3233 nun
511 3177 603 3234 alieno
621 3192 684 3235 eum
705 3175 819 3233 arbitrio
839 3176 894 3242 jam
910 3173 1089 3240 reservabat,
1143 3187 1243 3235 ereotu
1254 3221 1262 3248 ,
1275 3181 1354 3239 etsie
1366 3183 1555 3253 preliandum.
1567 3187 1597 3245 Si
1610 3190 1731 3259 pericula
1742 3199 1939 3264 praevenerint,

287 3285 350 3327 cunr
369 3269 404 3326 ad
427 3285 458 3327 se
485 3285 577 3328 return
599 3268 722 3326 omniurn
743 3268 834 3324 delata
858 3266 971 3324 arbitria
992 3265 1093 3324 laxent.
1110 3255 1133 3318 C
1148 3270 1249 3330 trustra
1263 3277 1408 3345 eorrsules;
1423 3278 1468 3335 ubi
1487 3282 1634 3340 eonsilium
1649 3285 1804 3358 placuerit,
1820 3295 1940 3349 reclain-

568 3361 684 3420 CAPUT
710 3361 809 3417 ΧΧΙΧ-
1143 3365 1239 3436 cipies.
1254 3367 1333 3435 Quod
1346 3369 1457 3426 solliciti
1467 3371 1545 3429 ducis
1556 3386 1630 3432 esset
1643 3394 1650 3432 :
1664 3381 1808 3450 explorata
1823 3384 1877 3441 sibi
1888 3401 1938 3442 om·

326 3457 443 3514 Ventum
465 3455 661 3512 dntioelriam:
686 3453 724 3509 ibi
749 3462 866 3510 tractatu
886 3453 995 3522 habito,
1018 3455 1091 3512 unde
1143 3459 1205 3525 oia,
1222 3462 1937 3547 patuisseiespasianiexereitnmesseralidioreru‚

288 3556 432 3622 oporteret
454 3547 488 3604 ad
515 3546 620 3603 ltaliam
647 3547 833 3604 transmittere
856 3564 863 3601 ι
884 3549 948 3619 quia
976 3557 1032 3605 tuta
1061 3549 1090 3605 iu
1143 3551 1226 3608 iidem
1251 3569 1329 3610 suam
1364 3572 1415 3628 pro
1443 3559 1553 3618 Vitellio
1588 3563 1752 3635 jamdudum
1781 3571 1937 3641 probatam,

289 3645 411 3718 AEgppto
424 3643 466 3700 rel
480 3641 650 3700 Alexandria
661 3641 754 3697 ournia
768 3641 1001 3698 corrsideraverat.
1015 3643 1088 3699 Coo-
1143 3645 1251 3714 quando
1264 3651 1438 3718 presumpsit
1450 3651 1485 3707 de
1496 3652 1562 3710 belli
1575 3667 1694 3726 euentu,
1708 3661 1856 3719 uictoriam
1868 3681 1938 3722 Μ

288 3740 391 3796 sollum
420 3736 566 3795 celeritati.
593 3735 709 3794 Dimittit
736 3737 826 3808 itaque
853 3735 1001 3794 ltuttauum
1027 3753 1089 3794 eum
1144 3746 1198 3793 tam
1211 3739 1320 3810 quando
1331 3741 1451 3798 dillldit:
1469 3743 1495 3800 in
1510 3759 1637 3819 promptu
1650 3765 1731 3820 esso,
1747 3754 1814 3824 quid
1828 3757 1937 3814 statuun-

287 3841 365 3904 parte
377 3832 461 3888 multa
472 3831 597 3904 equitum
612 3834 789 3888 etexercitus
805 3829 955 3901 pedestris,
973 3838 1002 3886 ut
1017 3845 1090 3901 prm·
1142 3846 1214 3888 rum.
1230 3832 1323 3905 Neque
1337 3849 1403 3892 vero
1418 3847 1533 3896 mortem
1548 3856 1625 3898 suam
1640 3843 1693 3901 sibi
1708 3861 1772 3904 esse
1784 3849 1934 3912 lormidini.

288 3927 396 3984 esuriret
409 3927 438 3982 in
450 3926 556 3982 ltaliam
568 3923 716 3982 adrentum
733 3923 920 3997 imperatoris.
933 3921 960 3979 is
972 3922 1090 3993 prolixa
1141 3921 1191 3978 sed
1205 3926 1341 3981 exercitus
1356 3925 1471 3985 Romani
1482 3931 1652 4000 perieulum:
1667 3945 1695 3992 et
1707 3939 1782 4010 qnod
1796 3942 1858 4014 pirus
1869 3943 1936 4001 dolet

287 4021 469 4092 nauigationis
481 4030 628 4078 reuocatus
647 4019 810 4088 tormidine,
827 4034 875 4090 per
889 4017 1089 4090 Cappadociam
1141 4016 1225 4086 uiris,
1244 4023 1396 4092 partulam
1416 4022 1590 4096 dispendium
1611 4027 1723 4099 laudis,
1747 4042 1779 4091 ut
1800 4037 1936 4095 uideamus

290 4125 319 4174 et
333 4117 477 4190 Plirygiaor
499 4117 551 4172 iter
569 4115 681 4172 direxit.
702 4115 851 4171 Antonium
866 4128 974 4186 unoque
989 4129 1090 4185 praeee-
1142 4110 1226 4179 uieti,
1241 4115 1287 4185 qui
1308 4114 1398 4172 solent
1418 4120 1538 4176 riueere.
1552 4119 1610 4178 Sibi
1623 4132 1700 4181 eerte
1710 4128 1883 4199 cavendnm,
1905 4147 1935 4188 oe

289 4212 330 4282 pit
340 4213 497 4283 praelectum
512 4210 594 4266 tertio
607 4207 871 4282 ordinimilitariqui
881 4219 941 4264 erat
951 4207 978 4263 in
992 4205 1089 4280 llysia,
1140 4203 1296 4277 judicetur:
1311 4215 1339 4264 et
1349 4208 1414 4266 illud
1426 4210 1675 4285 noolortitudiuis,
1688 4219 1737 4276 sed
1752 4234 1867 4279 euentus
1877 4224 1934 4280 luis·

290 4306 317 4361 in
333 4305 493 4376 imperatam
507 4317 537 4358 se
557 4301 662 4356 ltaliam
677 4299 837 4365 elluodere,
855 4300 1026 4371 priusquam
1044 4299 1092 4356 Vi·
1142 4313 1193 4369 se,
1207 4302 1279 4369 quod
1295 4302 1390 4360 uicerit
1410 4304 1483 4362 bello
1497 4309 1642 4380 superiore
1653 4353 1660 4380 ,
1673 4323 1703 4369 et
1716 4315 1791 4372 istud
1806 4318 1932 4390 ignaria,

288 4397 392 4454 telliaui
406 4411 468 4454 sese
482 4402 633 4452 annuerent.
649 4391 717 4450 Nam
732 4391 856 4448 Vitellius
878 4391 956 4463 quasi
967 4391 1092 4463 crapula·
1142 4393 1216 4467 quod
1227 4395 1315 4453 rietus
1325 4406 1421 4468 postea
1432 4400 1478 4457 siu.

287 4501 332 4548 trus
358 4501 386 4548 et
409 4505 506 4548 somno
525 4489 681 4556 demersus,
700 4485 817 4544 conuiuii
840 4499 898 4541 rem
920 4485 979 4556 geri
998 4485 1091 4542 existi·
1428 4491 1544 4554 cgpppp
1567 4495 1654 4558 m·

287 4599 382 4651 nuans,
404 4599 459 4640 uon
473 4583 595 4654 imperii,
617 4581 644 4638 in
669 4581 750 4636 tantis
765 4580 870 4652 positus
891 4579 1006 4650 rregotiis
1025 4578 1090 4636 dor·
1179 4579 1227 4636 llis
1244 4589 1327 4654 atque
1345 4583 1510 4658 nrrJuunortt
1522 4592 1696 4650 sermonibus
1710 4595 1824 4655 abduxit
1833 4598 1861 4656 in
1878 4615 1932 4656 sen·

287 4678 400 4734 miebot.
420 4676 543 4749 Denique
558 4676 603 4732 vix
622 4673 731 4730 tarrdern
746 4675 881 4730 excitatus
895 4674 993 4729 nuntio
1007 4674 1090 4732 adre-
1100 4659 1129 4721 Ῑ)
1141 4675 1252 4731 tentiam
1267 4689 1344 4732 suam
1355 4678 1457 4735 milites
1469 4720 1477 4747 ,
1490 4688 1520 4737 ut
1533 4697 1626 4740 seeum
1638 4687 1672 4743 ad
1686 4689 1835 4748 britonium
1846 4707 1930 4764 penge.

289 4769 389 4825 aientis
399 4769 525 4835 bulardi,
540 4766 789 4838 dirigitCeeiuuam
802 4781 863 4822 cum
874 4767 1015 4824 exereitus
1027 4783 1090 4839 par·
1140 4777 1201 4823 rent
1215 4768 1378 4839 uoluntarii,
1394 4780 1476 4845 atque
1489 4775 1516 4831 ei
1529 4789 1560 4834 se
1573 4779 1735 4838 tudunum:
1751 4786 1801 4841 sed
1815 4796 1844 4842 „p
1853 4787 1929 4844 „epp

289 4871 332 4926 te,
348 4867 375 4916 et
389 4859 501 4929 periculi
514 4861 555 4915 sui
568 4873 700 4914 summam
714 4859 803 4916 alieno
817 4858 931 4914 arbitrio
944 4857 1090 4915 committit
1139 4857 1268 4932 betrulgi
1281 4863 1399 4920 uranius
1410 4865 1535 4924 militaris
1545 4870 1699 4942 mobilitas,
1710 4881 1866 4950 compuncti
1875 4891 1928 4936 sunt

288 4956 376 5010 iratus
389 4953 514 5010 Cecinnar
529 4952 647 5020 uiribus,
662 4951 735 5024 quod
748 4951 864 5008 Othonis
882 4966 992 5008 manum
1010 4952 1088 5012 lude-
1138 4951 1262 5023 plerique
1286 4969 1334 5026 per
1356 4966 1464 5014 noetem
1483 4959 1511 5016 in
1530 4961 1670 5022 cubilibus
1688 4969 1768 5039 suis,
1790 4972 1888 5031 deserti
1902 4981 1927 5028 ut

289 5046 490 5104 rnt.llleclrea
509 5046 604 5102 urbem
616 5043 845 5102 Cremonensium
860 5044 1086 5104 Antoniooecur·
1138 5047 1240 5105 Vitellii
1254 5049 1483 5121 poerrltentia:ne
1494 5055 1518 5112 si
1530 5059 1658 5129 superior
1670 5060 1925 5132 lieret,nullussbl
1996 5084 1998 5135 ς

287 5140 324 5197 rit
339 5139 512 5196 aduenienti:
527 5139 654 5208 explorat
668 5137 759 5194 emrria
773 5179 780 5205 ,
796 5139 938 5208 cognoscit
956 5139 1085 5208 prmuali·
1139 5143 1226 5198 uenite
1241 5142 1316 5200 luens
1332 5157 1507 5217 superesset,
1528 5150 1575 5222 qui
1595 5153 1789 5226 imperatorem
1800 5164 1923 5234 proprium
1996 5144 1998 5241 J

287 5235 351 5292 daur
375 5246 483 5287 rrranum
506 5240 518 5268 ⁰
538 5245 553 5285 e
570 5230 686 5286 diuersis
706 5229 806 5296 odere,
829 5237 970 5287 strenuam
985 5231 1085 5301 bellis,
1138 5233 1361 5309 dereliquissent.
1381 5240 1417 5296 iit
1435 5253 1578 5316 surgentes
1594 5250 1684 5319 primo
1699 5267 1761 5311 eum
1777 5257 1862 5314 obriis
1874 5258 1923 5329 gui·
1996 5262 1998 5265 '

287 5325 466 5384 exercitatam
479 5319 642 5390 triumphis:
660 5330 792 5377 secoutra
805 5322 1084 5395 neeriribusaeuuls,
1136 5327 1260 5401 beasque,
1283 5329 1382 5389 deinde
1401 5349 1464 5392 eum
1484 5338 1611 5398 omnibus
1632 5345 1762 5405 conterre
1775 5360 1920 5421 ceperunt,
1996 5342 1998 5397 l

285 5436 337 5476 nee
349 5430 462 5474 numero
473 5429 551 5486 pares
564 5425 646 5482 posse
655 5411 803 5470 decernere
813 5414 958 5471 aduersum
971 5416 1086 5474 ualidio·
1136 5421 1273 5492 quomodo
1295 5434 1416 5483 erratum
1440 5430 1636 5502 emendarent;
1656 5440 1860 5515 evaginatisque
1875 5443 1921 5514 glr-
1996 5408 1998 5515 Ξ

282 5529 328 5570 ros
340 5530 347 5568 ι
361 5509 519 5568 convocatis
529 5503 735 5564 centurionibus
744 5505 840 5563 suadet
850 5507 1080 5583 bellodesistere,
1133 5511 1207 5579 diis,
1222 5512 1386 5574 insiluerunt
1399 5535 1481 5592 super
1493 5520 1641 5584 Geeiunanr
1654 5531 1782 5591 uolentes
1798 5536 1877 5593 ultum
1888 5536 1919 5591 ue

281 5606 353 5676 quood
367 5612 458 5660 essent
469 5613 584 5661 numere
596 5595 751 5663 interiores,
765 5603 792 5654 ot
805 5597 891 5669 gloria
905 5597 1080 5670 imperatoris
1134 5606 1260 5680 injuriam
1270 5623 1328 5666 suae
1340 5614 1540 5688 prolapsioni&
1554 5619 1604 5678 sed
1613 5619 1915 5689 interuenientibus&

308 5783 320 5810 ⁸
338 5771 360 5825 ii
374 5769 483 5827 diuerso.
494 5770 581 5826 Bona.
1172 5777 1340 5832 e,irrrittoret
1356 5773 1396 5834 la.

309 5839 485 5898 b.toneuertt.
500 5842 537 5896 ln.
595 5896 602 5909 ,
1172 5847 1253 5904 atet
1266 5849 1294 5904 ia
1307 5851 1429 5921 inputo.
1443 5852 1483 5912 la.
