4075 6359
325 231 398 291 iio?
1002 223 1127 285 stttctt
1144 224 1311 285 tuouostt
1931 233 1949 286 i'

324 350 438 424 pinetam
452 368 458 406 ι
476 349 618 406 etttante
628 364 671 404 cuc
683 363 716 406 eu
728 347 818 420 tuqucu
832 353 991 412 renatorum,
1006 353 1032 400 ct
1041 361 1058 399 u
1067 359 1125 398 uer·
1137 345 1164 405 A
1177 342 1236 400 bace
1258 354 1301 402 est
1314 343 1424 400 uirtutis
1439 343 1611 400 increditus:
1636 343 1688 400 iiia
1708 356 1764 400 uos
1774 341 1913 416 obligarit
1923 351 1960 404 ,k

323 447 356 502 bo
366 443 568 502 conturbationis
578 441 662 518 (Psoi.
680 457 724 508 xo,
740 441 767 513 5)
781 458 789 508 ;
806 437 942 496 nonenim
953 438 1055 510 iniuste
1066 448 1125 494 teu·
1177 436 1278 494 soiuit:
1294 433 1309 474 ⁴¹
1323 437 1369 493 iiia
1383 437 1519 494 oberatos
1534 439 1636 494 tenore
1648 437 1823 494 delictorum
1837 436 1958 508 adiuba.

323 544 427 602 duratur
443 543 511 601 retia
527 541 629 597 auibus.
645 538 710 596 duis
724 553 766 607 es,
780 553 797 596 o
812 536 905 602 bomo.
922 537 968 608 qui
982 537 1053 593 sieut
1065 536 1124 591 aris
1176 533 1304 602 inimico,
1330 533 1390 590 bu
1412 532 1570 604 redemptos
1586 531 1673 588 tituto
1685 529 1849 586 dominia
1871 533 1972 601 passu

323 637 351 696 in
367 636 510 710 qnamdam
532 635 627 708 aquiiae
641 641 788 690 renouatus
801 647 831 690 es
842 632 1026 705 jutreututem.
1050 629 1065 670 b
1089 627 1124 686 ta
1174 628 1285 684 Christo
1298 627 1452 701 aequisivit.
1475 626 1546 684 iiaia
1570 625 1640 684 Erae
1654 627 1804 684 samio
1820 637 1835 663 θ
1851 633 1971 712 ιοιιιιΙ

323 731 386 789 ideo
401 747 454 788 non
469 727 566 802 injuste
580 727 727 786 tenduntur
742 729 810 785 retia
823 727 929 784 aribus.
954 724 1025 797 Quid
1048 725 1122 782 enim
1176 723 1276 779 minem
1286 722 1457 778 devorabat:
1475 719 1735 792 praeteruehenti
1748 720 1931 776 haeredit-nst.
1954 723 1971 768 ι’

322 834 349 882 ιε
364 825 505 882 interram
520 822 634 895 deiicis,
649 821 694 894 qui
715 822 771 893 iam
795 821 895 878 omium
912 819 1045 892 petebas?
1063 819 1122 876 Non
1175 814 1313 872 iroruinem
1324 815 1461 872 liberarit.
1470 813 1529 871 Nou
1537 813 1573 870 ad
1582 828 1674 870 uuum
1683 812 1817 884 quidem,
1827 815 1925 868 moad
1931 830 1948 884 a

321 916 393 973 enim
419 915 518 988 injusto
538 923 668 972 renovato
693 913 842 970 tenduntur
862 915 951 978 retia;
983 913 1046 982 quia
1064 911 1122 983 jam
1173 924 1222 968 cos
1238 929 1246 968 ε
1261 912 1310 967 sed
1331 910 1475 967 udunmes
1486 908 1702 966 Testamentum
1725 923 1816 964 mum
1829 907 1958 978 semusti.

319 1008 420 1065 Citristi
434 1023 495 1065 esse
506 1007 625 1078 cupisti,
634 1007 791 1063 venantium
804 1019 867 1061 esse
877 1003 992 1061 desiisti.
1004 1003 1124 1060 Attende
1174 1019 1231 1062 stus.
1245 1007 1348 1062 Omnes
1362 1005 1455 1076 scripti
1469 1003 1599 1062 heredes
1615 1018 1716 1060 sumus
1727 1018 1789 1059 uun
1805 1018 1860 1074 pru
1870 1005 1957 1073 purum

319 1100 431 1174 laqueos
443 1109 615 1157 venetorum.
627 1097 699 1156 Ante
713 1098 791 1170 quasi
805 1097 923 1170 predam
939 1111 1015 1154 stratu
1029 1096 1124 1152 diabo-
1173 1100 1222 1156 sed
1235 1115 1284 1170 pro
1299 1100 1490 1156 universitate.
1506 1097 1726 1156 Testamentum
1743 1112 1903 1154 manuue
1912 1108 1959 1152 aa:

317 1194 361 1252 ios
374 1210 425 1252 suo
438 1193 500 1266 jure
515 1191 663 1263 capiebat:
684 1206 755 1248 rrurrc
778 1191 925 1248 dominicae
941 1191 1032 1247 crucis
1050 1205 1122 1248 mer·
1171 1193 1219 1264 jus
1233 1199 1377 1260 omnium,
1401 1193 1548 1250 hareditas
1566 1193 1797 1258 uniuersorum,
1832 1201 1863 1246 et
1886 1193 1958 1247 roim

317 1301 378 1344 ectu
395 1285 563 1342 ottraiieuus
582 1283 724 1341 incursat?
747 1282 828 1340 Potes
849 1293 939 1340 tamea
961 1281 1046 1338 etiam
1071 1280 1123 1338 bos
1173 1287 1356 1360 singulorum.
1381 1285 1487 1343 Novum
1508 1285 1727 1343 Testamentum
1748 1285 1971 1363 surrentinum

317 1379 431 1450 laqueos
446 1379 570 1443 enitare,
594 1376 721 1434 pedicas
742 1395 749 1432 ε
773 1386 903 1434 venantes
923 1385 1056 1450 oeperunt
1077 1391 1122 1432 me
1173 1393 1202 1440 aa
1225 1397 1324 1440 omues
1342 1381 1501 1453 possideat:
1526 1396 1576 1438 une
1600 1382 1744 1437 minuitur
1771 1379 1945 1448 haredum
1968 1439 1971 1444 ,

319 1472 391 1528 siout
406 1471 602 1541 passerem;si
611 1469 735 1542 taqueum
748 1470 840 1527 cordis
850 1469 960 1536 evadas,
974 1485 1056 1540 «quem
1071 1469 1121 1525 tui·
1174 1477 1239 1550 quia
1263 1477 1482 1535 amrburedibus
1496 1477 1666 1535 visidianum.
1701 1477 1804 1534 nanee
1830 1477 1972 1533 anunm.

321 1564 357 1620 sit
367 1561 493 1620 diabolus
507 1565 533 1620 in
547 1579 596 1621 cor
606 1563 682 1621 iudeo
697 1606 705 1633 ‚
729 1574 756 1620 et
772 1563 810 1620 ita
822 1580 885 1622 eum
899 1565 925 1620 in
940 1562 1046 1620 iacintus
1060 1578 1123 1634 pro-
1173 1580 1231 1628 tum
1245 1572 1394 1644 integrum,
1408 1581 1438 1629 et
1451 1587 1485 1628 eo
1496 1570 1583 1645 magis
1596 1572 1719 1642 dragmis
1731 1571 1860 1636 crescit,
1873 1574 1969 1642 must-r

321 1657 435 1714 ditionis
447 1657 575 1716 urenevit.
598 1660 712 1716 dtertat
729 1657 835 1733 1155
856 1674 871 1714 a
892 1659 972 1716 nobis
987 1659 1059 1715 oens
1071 1657 1121 1714 bos
1173 1663 1249 1720 tibus
1264 1663 1345 1722 inerit
1356 1665 1530 1736 acquisitum.
1543 1664 1605 1720 utto
1618 1663 1751 1721 conditio
1767 1675 1816 1720 est
1833 1663 1966 1737 benedt-r

321 1751 455 1824 iaqueus,
471 1769 540 1826 quos
552 1769 634 1826 super
647 1765 805 1825 peccatores
824 1751 903 1827 ptuit.
928 1753 961 1810 Et
981 1751 1044 1810 ideo
1057 1750 1124 1809 dicit
1138 1751 1162 1814 li
1179 1765 1315 1816 trumuaae.
1331 1758 1359 1816 st
1375 1759 1459 1814 diuisa
1472 1757 1575 1815 iueriut
1588 1758 1801 1822 emniumeuta,
1824 1758 1969 1847 uniamur·

319 1845 733 1922 m·optmu(t³su.1rm‚o):
750 1846 832 1904 puato
847 1848 920 1914 tttu,
937 1847 1071 1912 nomiae,
1085 1844 1126 1902 a.
1176 1864 1205 1910 rr
1219 1853 1336 1910 trucetas
1360 1861 1404 1908 eu
1415 1852 1544 1909 annuum
1558 1850 1712 1922 desertans
1731 1851 1910 1908 maerens.
1926 1850 1957 1904 te

319 1957 419 2014 quemn
435 1943 527 1999 cordis
540 1959 648 2012 cortun,
668 1955 678 1982 ο
695 1959 775 2015 quem
791 1944 891 2015 parasti
912 1943 964 2000 eis.
979 1941 1064 2000 Nobis
1076 1957 1125 1998 au·
1177 1948 1265 2004 risuum
1280 1962 1395 2019 reguum
1409 1945 1511 2003 Christi
1525 1955 1588 2012 est.
1603 1946 1725 2003 indiuisa
1740 1946 1910 2002 iuaereditas
1924 1945 1957 2012 ib

321 2046 376 2093 tem
390 2037 434 2104 da,
446 2037 570 2102 Doureios,
585 2037 733 2104 auritium3
746 2047 772 2092 ut
789 2045 886 2109 postte
900 2052 1058 2108 aequamur,
1073 2036 1127 2093 tuis
1177 2042 1259 2101 modu
1272 2043 1331 2100 tieri
1345 2052 1471 2114 poterat,
1485 2051 1516 2098 ut
1528 2041 1616 2098 diuisa
1630 2050 1711 2098 esset
1725 2041 1890 2099 baerfflitas
1905 2059 1913 2107 ;
1930 2058 1956 2095 cc

320 2129 424 2201 uiiigati
436 2130 562 2188 uiuentis.
576 2131 652 2188 Nuba
665 2132 738 2188 entim
752 2131 967 2199 uehementiora,
979 2130 1052 2187 natta
1063 2139 1127 2189 sunt
1178 2136 1345 2194 hereditatis
1364 2136 1469 2193 fruetus
1489 2133 1526 2192 sit
1546 2134 1698 2201 indivisus,
1725 2135 1812 2207 quod
1828 2146 1877 2192 est
1892 2151 1956 2206 reem

320 2223 460 2296 gratiora,
475 2239 555 2296 quam
577 2225 682 2282 uincula
704 2223 854 2282 charitatis.
882 2225 935 2294 eri
959 2225 1006 2282 tibi
1029 2223 1127 2296 ligatus
1176 2233 1332 2292 uoeiorumt
1353 2233 1457 2289 Atrmtm
1470 2274 1478 2299 ‚
1493 2239 1657 2304 argeutum,
1676 2230 1828 2302 prndium
1845 2232 1882 2287 ab
1895 2235 1956 2285 tuen

321 2323 375 2382 ⁰⁵¹,
389 2315 494 2372 ⁸⁰¹⁰¹⁰8
504 2326 547 2373 0⁵1
560 2317 672 2374 blundu-
1179 2327 1301 2397 pturttms
1323 2325 1485 2383 derelictum
1500 2324 1673 2381 distribuitur
1692 2340 1730 2380 ae
1750 2334 1895 2382 temtor:
1911 2326 1955 2382 ειὲ

359 2406 404 2466 to.
422 2409 515 2484 (Vens.
527 2411 602 2482 iii.)
622 2409 781 2470 timedituci
801 2413 1003 2469 testimoniatus
1013 2414 1041 2468 in
1052 2421 1128 2468 teter-
1176 2420 1211 2476 ad
1223 2419 1345 2492 singulos
1358 2418 1458 2474 Christi
1472 2418 1542 2475 dona
1559 2417 1667 2492 1150
1679 2419 1867 2489 perueniunt
1884 2434 1955 2475 :omn

321 2519 406 2570 nutum·
420 2506 542 2576 qrtoaiuut
552 2507 693 2562 seruitutio
707 2507 791 2563 cordio
806 2507 857 2563 otei
868 2516 939 2563 serit.
964 2505 1056 2563 Etiam
1075 2509 1127 2562 ista
1177 2513 1290 2582 hainaut,
1301 2524 1328 2570 ut
1344 2527 1426 2569 numo
1439 2511 1589 2569 fraudatur.

323 2610 376 2652 uox
393 2605 542 2670 martyrum
557 2608 610 2667 est,
625 2597 774 2657 dicentium
788 2599 860 2673 quod
873 2599 1061 2658 hereditatem
1079 2614 1127 2656 ao·
1215 2607 1261 2664 ti.
1285 2606 1436 2664 Audiamus
1454 2605 1536 2675 igitur
1557 2602 1701 2662 eommoda
1722 2604 1954 2662 baeredimtiab

322 2692 448 2762 ceperint
468 2693 621 2751 ooeiestiom
637 2695 867 2752 testimoniorum.
895 2694 965 2752 picit
977 2709 1045 2767 erqo
1059 2694 1128 2750 Pro·
1177 2700 1272 2756 missio
1283 2706 1455 2771 peccatorum
1465 2696 1726 2754 aareoitasctrriut
1740 2707 1805 2754 est.
1820 2699 1904 2756 Certe
1911 2700 1950 2755 ru.

324 2788 424 2858 piretu:
442 2787 536 2846 litores
550 2804 611 2846 sum
628 2788 816 2846 urarrdatorum
831 2798 956 2853 tuoruum,
974 2789 1129 2846 successio·
1178 2809 1228 2868 per
1241 2792 1365 2866 singulos
1379 2834 1388 2859 ‚
1400 2802 1429 2848 et
1441 2791 1468 2846 in
1483 2805 1628 2847 commone
1639 2800 1682 2846 est
1696 2789 1867 2860 iueratira3
1889 2795 1955 2864 quis

325 2899 389 2939 nom
404 2894 477 2939 tuam
493 2883 556 2940 iidei
569 2886 732 2954 pietatisque
744 2885 806 2954 iure
819 2885 940 2956 quaesiti.
963 2885 1022 2942 Non
1037 2895 1128 2957 potest
1177 2885 1377 2956 eumqueenim
1393 2883 1492 2939 coliata
1513 2881 1612 2946 tuerit.
1637 2881 1705 2937 uuttt
1730 2882 1878 2952 decedit,
1896 2882 1954 2939 arud:

325 2975 418 3031 dicere
432 2974 513 3038 istud.
530 2977 582 3031 uisi
597 2977 643 3048 qui
658 2977 783 3033 mandata
796 2978 1127 3046 cttstodit‚ooeloetterra
1178 2978 1318 3034 omnibus.
1341 2975 1455 3048 Corpori
1478 2974 1646 3046 aequabitur,
1673 2972 1820 3047 qttidquid
1852 2979 1952 3032 unicus

327 3066 462 3134 testibus,
476 3068 620 3137 acquisita.
634 3069 706 3124 bisit
720 3069 791 3124 euim
804 3069 934 3126 bomiuus
952 3089 958 3126 :
975 3071 1058 3139 tuot,
1078 3089 1127 3128 cte·
1179 3072 1326 3126 retexatur.
1349 3067 1417 3125 iiam
1430 3068 1453 3124 si
1468 3067 1559 3140 angeli
1580 3080 1664 3138 stupu
1685 3081 1746 3123 uno
1768 3083 1916 3140 peccatore
1929 3083 1953 3138 pt·

327 3160 393 3224 ium,
406 3169 428 3216 et
443 3161 551 3216 noritur
566 3161 678 3234 percipe,
694 3169 762 3217 terro
777 3160 871 3234 (uarro.
883 3179 912 3228 t,
927 3162 975 3236 2).
999 3147 1162 3221 peruuarC
1178 3165 1320 3221 nitentium
1334 3173 1433 3235 agente
1448 3163 1592 3228 laetantum
1618 3160 1681 3232 quin
1702 3162 1825 3219 lucrum
1848 3180 1919 3220 sunm
1935 3177 1954 3221 t*

231 3289 233 3292 -
328 3253 464 3310 elementa
481 3252 953 3324 [iomiuusadredarguendoseos,
973 3253 1128 3327 quiuolue-
1179 3267 1237 3313 tant
1251 3256 1370 3313 bominis
1383 3254 1624 3324 redemptionem:
1645 3264 1758 3326 quanto
1779 3258 1873 3329 magis
1890 3261 1953 3314 iacun

262 3353 266 3360 '
328 3347 384 3403 rint
398 3357 532 3419 precepta
551 3346 643 3404 divina
657 3363 786 3414 servam
811 3358 841 3405 ut
855 3349 956 3422 refugia
969 3351 1059 3407 omniu
1081 3368 1129 3409 es·
1178 3358 1222 3406 est
1240 3349 1370 3422 perieris,
1393 3347 1465 3421 quod
1489 3356 1532 3405 est
1554 3350 1660 3404 luorum
1683 3351 1824 3406 patirum?
1844 3351 1953 3407 iiaeredue

329 3441 478 3497 ourutiouis
498 3440 632 3512 obsepiat.
655 3439 781 3497 Testatur
800 3450 828 3499 et
850 3441 990 3512 irunrines,
1013 3444 1127 3502 diceus:
1178 3441 1282 3500 Christi
1305 3450 1348 3499 est
1371 3439 1548 3498 resurreetio.
1583 3438 1660 3496 iiane
1684 3439 1843 3510 quisquam
1867 3444 1953 3497 dunno

330 3532 420 3592 Estote
431 3533 495 3589 mibi
507 3543 581 3589 testeo
592 3575 601 3603 ,
612 3541 637 3589 et
650 3549 695 3608 epo
710 3533 800 3601 tectis,
816 3534 877 3590 dicit
891 3531 1019 3594 Dominus
1030 3537 1041 3611 (
1054 3535 1129 3593 Esui.
1177 3549 1258 3592 strom
1271 3533 1390 3597 dixerit,
1415 3546 1477 3604 quae
1490 3533 1518 3587 iu
1539 3545 1594 3586 unu
1606 3532 1770 3588 eommrmis
1781 3537 1882 3605 gratia
1895 3547 1953 3588 arou

329 3640 407 3695 xtttt,
424 3623 481 3697 to).
497 3625 620 3682 Mandata
635 3641 701 3698 ergo
717 3626 823 3682 Domini
835 3627 915 3697 piena
927 3636 991 3685 sunt
1004 3629 1129 3686 testimo·
1180 3627 1285 3684 tnreuu
1296 3626 1444 3684 ifibristus
1458 3628 1531 3682 euim
1544 3639 1672 3696 surgens,
1683 3625 1952 3685 omatibusresurmt

329 3721 401 3792 uiis,
417 3721 514 3791 etipsa
528 3727 593 3776 surtt
606 3721 779 3788 testimonia,
801 3737 918 3793 quorum
933 3722 1001 3778 satis
1014 3723 1129 3780 idoneus
1179 3722 1308 3792 quoniam
1322 3734 1372 3791 per
1385 3718 1523 3776 bominem
1536 3717 1703 3773 resurreetio
1716 3729 1902 3776 martinorum.
1913 3721 1954 3786 be

328 3815 407 3872 testis
420 3823 473 3882 est,
485 3816 530 3886 qui
546 3829 600 3871 uon
616 3814 745 3872 meutitor
759 3815 839 3883 betis,
853 3814 923 3885 apud
934 3832 1013 3886 quem
1024 3824 1051 3872 et
1064 3829 1130 3872 coa·
1180 3813 1262 3868 modo
1275 3813 1358 3884 igitur
1370 3810 1460 3884 potest
1474 3811 1641 3883 singulorum
1652 3825 1717 3867 esse
1729 3811 1953 3886 dispendium&

327 3908 440 3964 seientia
458 3916 502 3964 tua
517 3909 594 3966 testis
608 3917 670 3975 est,
692 3908 903 3980 cogitationibus
917 3908 1128 3974 accusantibus,
1180 3916 1223 3964 est
1246 3907 1329 3962 totius
1351 3903 1477 3974 corporis
1495 3914 1524 3961 et
1547 3903 1658 3960 bumasti
1679 3907 1798 3976 perieris
1812 3906 1953 3963 retornus?

326 4004 469 4058 autetiam
482 4000 702 4069 defendentibus,
720 4003 787 4058 satis
799 4001 886 4058 idetis
899 4001 982 4058 etiam
1004 4004 1032 4058 in
1046 4001 1128 4058 iuiido
1180 4001 1319 4058 Recitetur
1329 3999 1420 4071 itaque
1434 3999 1637 4056 Testamentum
1650 4042 1658 4066 ‚
1680 4008 1708 4056 et
1722 4001 1951 4072 institutionesqo

326 4107 437 4168 perterre
458 4111 465 4163 ;
491 4097 619 4167 quoniam
644 4095 775 4152 arbitrum
802 4095 924 4152 omnium
949 4111 1128 4169 quaecumque
1180 4093 1397 4151 consideremus.
1415 4091 1593 4150 Testiaouteon
1607 4093 1681 4148 nobie
1695 4107 1721 4148 et
1739 4093 1974 4167 Spiritucrcucos'

324 4191 471 4249 commissa
483 4203 566 4257 sunt,
583 4191 669 4247 latere
683 4205 735 4245 uun
752 4199 876 4262 possunt.
900 4190 967 4246 Naar
981 4191 1003 4246 si
1019 4190 1129 4262 injudi-
1180 4189 1246 4246 Germ
1260 4190 1327 4245 enim
1345 4189 1355 4228 f
1379 4189 1473 4244 dicerit
1492 4205 1503 4244 .·
1528 4186 1586 4243 iioc
1606 4198 1692 4243 uatem
1709 4199 1895 4248 testamentum
1913 4193 1953 4261 pst

324 4286 368 4343 cio
383 4285 507 4344 terrestri
521 4285 602 4342 etiam
618 4284 640 4339 is
654 4284 701 4354 qui
714 4284 748 4340 ad
764 4283 951 4340 mentiendum
963 4284 1126 4341 ueneritsu-
1181 4284 1292 4340 testubor
1310 4283 1345 4338 ad
1364 4284 1442 4352 iiiut,
1456 4282 1517 4338 dicit
1531 4279 1670 4338 Doudoua.
1693 4279 1773 4339 Buba
1794 4286 1865 4357 thec
1877 4285 1953 4341 neruis

326 4378 478 4447 bennatus,
493 4387 582 4435 tumea
596 4377 619 4434 si
635 4377 790 4433 testimonio
804 4376 888 4433 suerit
899 4377 1040 4434 conuictus
1057 4377 1127 4434 ulte·
1181 4375 1421 4443 centaurorum,
1437 4375 1631 4432 etinaeacibus
1647 4391 1737 4431 cursor
1755 4380 1872 4434 mriiuu
1884 4386 1955 4444 cusu

326 4471 394 4538 rius,
404 4473 472 4527 solet
483 4471 760 4544 proderereritatem;
770 4477 872 4542 quanto
887 4471 973 4542 magis
987 4469 1128 4541 injudicio
1180 4472 1314 4543 percutiet
1326 4471 1462 4546 injustitie
1474 4486 1564 4526 eorum
1582 4487 1634 4525 non
1655 4472 1820 4526 mmrubor
1834 4473 1846 4547 <
1858 4473 1954 4529 ticina

327 4563 431 4619 emiesti
443 4567 512 4636 apud
529 4565 772 4622 pomtuamtesmu
786 4563 985 4622 necessebabet
994 4579 1124 4636 quaevera
1179 4567 1215 4624 ¹5
1227 4576 1252 4622 et
1269 4565 1348 4639 seq).
1362 4563 1386 4621 0
1400 4579 1464 4620 rere
1476 4574 1591 4620 testator
1601 4575 1731 4632 eternus,
1746 4565 1798 4636 qui
1810 4571 1906 4624 uostris
1915 4581 1956 4623 er·

328 4665 392 4712 sunt
406 4655 541 4718 contueri.
557 4672 638 4726 quem
658 4659 731 4714 uouit
749 4658 821 4714 seire
835 4656 906 4728 quod
921 4656 1021 4714 iactum
1036 4657 1104 4714 esti
1141 4633 1167 4694 Ῑ)
1180 4659 1260 4717 dibus
1273 4658 1346 4731 teges
1358 4655 1445 4729 attigit
1457 4671 1533 4724 suas,
1549 4667 1576 4714 et
1589 4657 1683 4714 scribit
1696 4658 1723 4713 ia
1738 4661 1866 4718 sensibus
1876 4677 1884 4727 ;
1895 4659 1955 4716 utn't

364 4749 409 4804 ii.
425 4747 459 4804 Et
475 4748 609 4805 benerit:
628 4749 897 4822 iirereditutequesioi
908 4753 1055 4809 testimonio
1067 4761 1128 4820 tuu,·
1182 4752 1222 4811 hii
1235 4751 1307 4806 uiirrd
1322 4755 1463 4822 cogitare,
1486 4748 1538 4806 uisi
1562 4748 1653 4805 divina
1677 4758 1813 4822 precepta
1828 4755 1954 4823 possimis.

328 4845 457 4917 quoniam
473 4843 544 4900 sicut
557 4851 620 4899 unte
636 4844 759 4899 iraredes
774 4845 872 4899 iuiruus
887 4845 1041 4916 peccatoris
1060 4860 1068 4901 ε
1092 4847 1130 4901 ita
1183 4847 1250 4902 uibii
1263 4845 1335 4901 atiud
1349 4845 1463 4909 sentire.
1475 4843 1527 4900 nisi
1541 4843 1589 4900 bet
1603 4844 1713 4899 oraeuia
1725 4843 1883 4902 debeamus.
1898 4843 1955 4902 beta

329 4952 402 4993 trttnc
422 4936 546 4994 traeredes
566 4951 661 4992 suanus
684 4935 797 4993 Citristi.
823 4935 870 4994 tttu
889 4937 938 4994 ioit
961 4939 1128 5009 eriminum,
1183 4941 1297 5013 qratiam
1309 4983 1316 5008 ,
1329 4938 1489 4995 reformarit
1501 4945 1649 5005 uattrram,
1674 4935 1783 5007 sibique
1796 4937 1840 5008 qui
1854 4937 1954 4995 obtin-isui

366 5089 380 5118 ι
403 5079 441 5135 ita
457 5092 551 5136 omnes
565 5091 630 5132 tuss.
646 5085 727 5140 atqtte
740 5076 805 5133 edit.
822 5084 878 5131 vet.
897 5092 959 5133 eum
982 5087 1040 5134 aut.
1060 5078 1127 5135 edit.
1182 5081 1284 5152 laqueo.
1310 5077 1497 5134 Venatorunte
1509 5078 1585 5148 quusi
1604 5075 1732 5150 modom.
1757 5076 1860 5150 Reliqui
1882 5093 1954 5136 omues

328 5151 359 5208 tt.
374 5150 480 5207 iiiiarii.
495 5147 565 5204 Edit.
582 5157 671 5204 atatem
683 5147 762 5204 iiam.
777 5163 811 5203 en
824 5162 964 5204 sacrorum
984 5148 1127 5218 codicum,
1184 5152 1331 5210 iectiouem
1346 5160 1466 5205 nostram
1481 5149 1659 5205 constituunt.

329 5225 498 5294 aliorumque
514 5221 624 5277 Patruut
637 5219 818 5287 auctoritate,
833 5220 949 5276 liberabit
959 5232 984 5276 te
994 5238 1026 5278 cu
1038 5222 1128 5292 laqueo
1220 5234 1232 5264 ⁰
1248 5223 1328 5279 Rom.
1345 5221 1412 5276 edit.
1425 5220 1496 5284 stria,
1509 5235 1584 5290 quera
1596 5229 1753 5286 amnuerunt
1762 5222 1841 5277 uobis.

329 5304 488 5350 usitatorum.
1217 5292 1232 5333 θ
1254 5296 1319 5351 iiss.
1340 5291 1439 5349 Natam
1465 5307 1535 5346 ttntts
1554 5291 1654 5357 colb,
1678 5290 1757 5347 deun
1779 5301 1806 5348 ei
1820 5292 1900 5363 tud,
1921 5294 1953 5346 itta

364 5365 379 5405 b
394 5365 427 5420 Et
440 5363 498 5420 ideo
511 5381 563 5417 auro
578 5363 673 5439 injuncte
682 5365 823 5419 ttrtduntur
835 5363 901 5420 retia
915 5366 1012 5435 ouibus,
1031 5366 1130 5422 desunt
1181 5366 1328 5424 mundarit
1342 5367 1430 5431 tenore
1443 5362 1603 5426 urticarum,
1618 5373 1672 5418 etc.

330 5439 357 5496 in
373 5437 559 5508 superioribus
571 5437 636 5490 edit.
652 5438 686 5490 Αι
701 5438 726 5490 iu
742 5449 807 5492 uass.
823 5436 1005 5504 reperiamur.
1028 5437 1128 5494 lterum
1218 5439 1322 5494 ο[ιειιι.
1336 5435 1404 5492 edit.
1424 5435 1493 5497 sota.
1508 5443 1589 5490 tutuno
1603 5433 1732 5487 tannaco
1746 5435 1877 5491 denotarit.

328 5525 423 5567 prtinus
434 5507 499 5563 edit.
515 5522 577 5562 otum
588 5507 675 5561 mutto
689 5507 783 5575 majmi
799 5515 875 5574 pmte
889 5522 955 5566 mss.
980 5514 1130 5565 cenantium
1220 5508 1230 5548 ¹
1254 5508 1319 5565 Post
1336 5507 1579 5569 carbantorate,
1600 5505 1766 5574 subjungunt
1785 5521 1871 5563 omnes
1881 5507 1950 5566 edit..

328 5599 382 5638 ecce
395 5579 515 5646 desiisti;
529 5579 574 5634 ubi
589 5577 649 5634 cod.
663 5577 753 5643 (iem,
770 5577 855 5646 Fiam,
870 5579 1000 5648 ttbmtptr.
1018 5581 1129 5649 babeat,
1182 5580 1266 5638 Tectis
1279 5588 1555 5633 cumtectonrcntorcm
1565 5578 1951 5649 mennamquetestificotascao

329 5655 476 5711 ceramium
499 5667 556 5708 erse
579 5651 682 5706 desiste.
705 5649 848 5706 Postremo
871 5651 917 5706 ubi
938 5662 1046 5708 carretae
1064 5652 1129 5709 edit.
1183 5655 1210 5708 in
1223 5649 1310 5714 ocur,
1326 5659 1385 5704 tunc
1402 5651 1576 5705 testinnonium
1590 5645 1810 5716 pertribebitquod
1827 5650 1951 5705 tutamur

328 5741 360 5782 ae
375 5739 440 5781 utres.
461 5731 588 5795 quatuor,
612 5723 678 5779 Ante
695 5731 719 5777 tc
736 5721 826 5793 ioquco
840 5732 963 5798 ecastor,
976 5733 1038 5780 oute
1057 5724 1132 5796 quusi
1183 5725 1293 5780 dicens:
1310 5718 1472 5785 fluentem,
1488 5729 1542 5775 ete.
1556 5717 1612 5794 Sed
1625 5718 1669 5794 iiia
1682 5733 1772 5791 neque
1789 5719 1815 5774 in
1828 5736 1884 5778 mss.
1902 5718 1950 5773 uitis

331 5799 462 5868 pratum,
485 5797 521 5853 ibi
535 5803 652 5868 quatum·
666 5794 770 5866 isauro,
795 5791 880 5851 Habes
895 5797 939 5864 qui
953 5806 977 5850 te
991 5791 1081 5853 biberet
1099 5797 1132 5849 de
1185 5797 1280 5852 aurito.
1296 5793 1499 5863 atttSrriptor'te
1510 5790 1576 5847 edit.
1593 5789 1756 5861 reperimus.
1768 5793 1948 5862 ominaomina
