4075 6359
308 324 381 383 aoot
972 308 1098 374 stuctt
1116 310 1279 373 ffldosil
1916 312 1949 381 p!

307 437 417 499 lierode
438 434 542 495 traduci
563 449 612 509 per
629 434 746 507 gratiam
760 438 871 505 posset,
884 442 934 489 nec
948 424 1217 500 abbatim-Alibi
1230 426 1285 484 mei
1306 438 1368 485 esse
1396 426 1527 485 meliores
1549 423 1655 492 liberi,
1686 419 1820 481 casaris
1853 422 1948 481 ιιιιιιιι

307 541 353 591 tro
365 528 576 597 circumveniri,
597 527 666 585 nibil
687 522 995 598 pretereundnmratos
1008 563 1016 589 ,
1031 519 1110 593 dagl-
1161 519 1368 589 Statuitenim,
1388 529 1417 577 ut
1437 534 1554 579 estnec
1573 518 1698 577 arbitrio
1716 516 1868 587 ιιιιαιι
1882 518 1950 577 tuan

307 628 347 685 tia
365 626 450 699 patris
470 622 586 698 quadam
602 620 767 695 perstrinxit
782 617 934 685 modestia,
953 626 983 673 nt
996 630 1049 673 nec
1063 630 1111 671 ur·
1161 615 1321 682 successio,
1344 628 1379 671 ne
1400 616 1588 688 praerogatiua
1616 612 1822 671 successionis
1839 616 1950 683 snpebi

308 728 521 793 peretamquam
535 723 679 773 accusator
694 711 845 781 rideretur,
862 724 913 767 nec
932 708 1039 767 occulta
1050 720 1112 765 esso
1161 706 1295 781 gigneret.
1319 706 1380 779 lpse
1401 708 1469 765 mibi
1490 720 1690 767 successorem
1704 705 1826 774 ιιιιιι,
1844 711 1950 776 ome

309 814 430 879 sineret,
444 814 519 866 'cum
540 808 687 881 plurimum
708 820 818 863 causam
841 802 966 877 iuraret,
985 804 1008 859 sl
1031 815 1063 857 se
1076 800 1112 857 ob
1162 803 1284 875 pissem:
1304 817 1367 859 ιιιιιι
1382 802 1489 861 ιιιΙὶιιι
1512 803 1560 875 qni
1585 801 1767 858 meruisset:
1782 815 1873 867 eum,
1888 803 1951 873 erip

309 904 386 961 necis
408 910 539 959 maternas
564 898 688 957 dolorem
711 897 833 971 paternis
845 896 900 968 peti
915 894 987 952 odiis
998 894 1113 950 demon·
1164 903 1234 953 trem
1246 894 1364 966 amplius
1378 892 1584 951 honoravisset.
1600 892 1747 949 imitabor
1756 890 1951 957 ennarrans·

308 995 461 1053 strauisset.
485 982 715 1049 lntalibusenirn
736 988 846 1061 judiciis
861 986 928 1044 nibil
943 984 1114 1058 mapislibe-
1163 988 1236 1047 enim
1249 986 1417 1046 absolvendo
1439 987 1566 1059 juniores
1589 986 1667 1045 illios
1681 1001 1788 1054 meos,
1823 988 1951 1044 senione

307 1105 353 1147 ros
366 1096 563 1161 praesumam
571 1092 676 1142 naturas
687 1075 774 1156 pietas
788 1092 816 1140 et
826 1082 936 1157 pletatis
947 1080 1111 1137 auctoritas:
1164 1094 1245 1152 pares
1265 1078 1339 1138 lecit.
1363 1079 1457 1152 ltaque
1485 1080 1568 1137 simul
1589 1088 1650 1136 tres
1675 1080 1791 1137 liberos
1808 1078 1899 1135 bodie
1917 1098 1952 1151 rep

308 1197 369 1256 quac
392 1182 416 1239 si
438 1180 577 1253 aliquanto
589 1177 770 1236 traducuntur
783 1176 904 1251 flagitio,
925 1173 1113 1248 prejudicium
1163 1174 1318 1231 constituo:
1336 1173 1376 1230 illi
1390 1182 1467 1241 etas,
1481 1174 1545 1231 istis
1558 1173 1695 1231 nobilitas
1718 1172 1919 1245 astipulatur:
1936 1193 1952 1232 u

221 1294 227 1303 ·
308 1278 461 1348 minuitur,
498 1275 678 1350 praerogativa
709 1270 873 1331 excluditur.
904 1269 955 1328 Ubi
980 1284 1046 1326 rero
1079 1268 1115 1324 ad
1165 1266 1952 1347 numerusmnreat:magnitudoressnietplnribnsasn

308 1360 1114 1444 objectapatrisuentum,ralidisreiellensassertionibus,
1165 1362 1223 1419 dat.
1244 1360 1356 1421 Arbiter
1379 1360 1470 1432 primo
1491 1361 1640 1419 sententie
1665 1376 1747 1417 mear
1772 1360 1877 1417 Deus:
1899 1363 1953 1418 dur

310 1464 430 1522 alienum
455 1463 569 1519 sceleris
589 1461 680 1533 primo
703 1458 816 1516 iratrem
837 1455 1054 1525 demonstrarit,
1068 1452 1116 1527 qui
1166 1457 1249 1515 etiam
1262 1471 1311 1514 ros
1319 1456 1461 1515 accedite:
1476 1472 1547 1529 quos
1559 1454 1657 1514 Cesar
1664 1456 1845 1528 coniunxit,
1859 1462 1953 1514 comcs

307 1572 420 1615 suorum
433 1564 508 1612 esset
521 1568 637 1611 consors
648 1551 855 1625 periculomm,
877 1564 958 1623 quem
973 1546 1115 1605 innoxium
1166 1558 1255 1624 pater,
1280 1564 1329 1607 ros
1344 1550 1449 1609 bonore
1462 1564 1585 1620 congruo
1600 1550 1837 1623 prosequimini,
1864 1562 1893 1606 ιιι
1907 1569 1952 1609 ιιι

212 1642 216 1649 “
309 1650 336 1705 in
347 1650 452 1705 crimen
465 1646 558 1703 uocari
573 1643 779 1719 ingemiscebat.
801 1640 1026 1714 Adstipulabatur
1038 1654 1117 1714 puras
1167 1642 1363 1700 immoderatus
1382 1656 1470 1715 neque
1485 1641 1596 1699 inllmus
1611 1640 1710 1700 bonor
1721 1647 1767 1700 sit
1785 1662 1794 1696 :
1812 1643 1894 1699 alind
1907 1646 1954 1701 inin

310 1738 488 1799 conscientie
499 1739 596 1812 agendi
608 1738 655 1808 J'us
678 1744 706 1793 et
722 1734 830 1793 dicendi
845 1733 963 1807 peritia,
980 1732 1050 1789 nibil
1063 1730 1115 1788 sibi
1166 1734 1406 1807 aliudexaspcrat.
1427 1732 1506 1805 Quod
1519 1734 1618 1806 cuique
1642 1734 1798 1806 portionis
1820 1751 1884 1791 suar
1895 1742 1954 1791 xenis

311 1850 343 1893 ac
356 1834 433 1890 tratri
446 1832 574 1889 relictum
590 1830 719 1897 honoris,
734 1830 843 1887 sublata
858 1828 949 1886 omnia
963 1842 1013 1899 per
1026 1827 1117 1884 soclus
1131 1843 1156 1909 p
1169 1826 1299 1900 suppetit,
1315 1828 1496 1899 impartiatur.
1506 1826 1566 1885 lion
1580 1828 1656 1885 enim
1669 1836 1795 1885 tentum
1808 1829 1875 1899 quis
1882 1829 1953 1884 ιιῖιῑι

311 1926 450 2001 germani,
464 1925 604 1997 patrisque
617 1923 786 1981 facilitatem.
797 1918 1115 1990 Amarissimedeplora·
1167 1936 1230 1979 cum
1242 1935 1325 1993 quem
1338 1936 1422 1993 supra
1437 1937 1596 1979 ntensuram
1607 1922 1749 1987 bonorat,
1768 1934 1908 1996 quantun
1918 1926 1955 1979 la..

312 2019 360 2076 bat
370 2032 464 2075 necem
478 2016 530 2073 sibi
543 2015 671 2089 irrogari,
681 2029 763 2087 uuam
774 2022 987 2086 patereousque
997 2010 1114 2082 expetit,
1167 2031 1231 2073 eum
1246 2017 1289 2072 cul
1303 2014 1426 2074 debitum
1439 2016 1894 2091 nepatAEtplerumqueuternae
1901 2037 1955 2076 earn

312 2122 342 2171 ut
356 2112 461 2169 crimen
473 2109 747 2183 adjiciat,dapitium
761 2108 901 2181 adjungat.
915 2106 1022 2175 Quibus
1035 2104 1116 2162 dictis
1167 2106 1325 2178 olicnditur,
1342 2110 1388 2168 irbi
1407 2111 1577 2183 prelationis
1601 2112 1734 2169 adulatio
1760 2124 1826 2171 est.
1842 2114 1954 2171 &mem

312 2205 445 2277 coepitin
461 2202 777 2276 lacrymasuuirersos,
799 2208 881 2273 atque
902 2214 937 2257 eo
951 2198 1117 2255 sortemde·
1167 2202 1296 2259 omuibus
1316 2210 1404 2275 pater.
1430 2203 1524 2261 lionor
1539 2203 1661 2263 illiorum
1685 2204 1880 2263 hauddubie
1904 2219 1946 2277 par·

313 2301 391 2361 duxit
401 2300 518 2375 judicii,
536 2308 565 2357 ut
582 2296 685 2356 Caesari
705 2296 844 2354 accusatio
861 2309 917 2352 non
939 2294 1115 2366 probaretur,
1170 2294 1378 2367 ‘gloriaestsi
1388 2304 1478 2353 ιιιιιιιι
1491 2310 1574 2368 supra
1584 2297 1703 2353 modum
1717 2298 1795 2370 quis
1808 2299 1945 2357 tiberem

313 2405 392 2469 paler
417 2392 671 2452 reconciliationem
697 2390 920 2463 amplecteretur.
953 2386 982 2445 ld
1008 2393 1116 2459 putum
1168 2386 1285 2456 excolat,
1300 2402 1366 2445 reus
1375 2397 1418 2445 est
1431 2389 1498 2445 mibi
1513 2390 1596 2446 etiam
1606 2405 1658 2463 pro
1673 2390 1784 2448 liberis
1801 2393 1953 2465 meisqu-

313 2489 458 2547 admodum
474 2499 503 2546 ct
524 2486 809 2560 precellentissimum
833 2484 958 2542 Romano
977 2481 1116 2557 principi,
1168 2488 1265 2537 auctor
1276 2480 1460 2553 prolapsionis
1473 2491 1534 2539 est:
1547 2482 1654 2539 Nimius
1669 2484 1755 2541 enim
1765 2486 1952 2543 eultnsaxbs

313 2597 369 2641 non
392 2582 480 2638 solum
496 2581 553 2655 regi
570 2580 670 2653 inclyto
682 2593 797 2651 regnum
814 2575 949 2644 donasse,
972 2574 1117 2634 sedetiam
1168 2581 1356 2645 sumptorest.
1369 2572 1507 2647 Numquid
1522 2576 1633 2633 insideo
1648 2577 1758 2635 liberis
1781 2580 1943 2636 meisilm

314 2674 417 2733 liberos
430 2672 594 2732 reddidisse.
608 2670 703 2744 ltaque
719 2669 795 2743 iusto
814 2666 959 2726 delinitum
970 2667 1116 2733 examine,
1168 2666 1219 2724 sed
1233 2668 1308 2723 malo
1320 2682 1369 2725 eos
1381 2670 1473 2726 miuus
1485 2683 1548 2726 cum
1561 2671 1652 2742 pratia
1676 2684 1792 2743 posse,
1808 2686 1891 2743 qnam
1902 2672 1951 2742 pla

313 2776 344 2825 ut
357 2768 397 2825 sic
412 2746 517 2838 paterni
529 2766 599 2837 luris
613 2764 768 2823 reverentia
783 2762 913 2819 inuiolata
933 2768 1076 2828 maneret,
1090 2767 1119 2817 et
1169 2774 1244 2817 mum
1255 2776 1317 2819 cum
1332 2762 1479 2821 seditione.
1487 2762 1567 2834 Quod
1580 2763 1656 2820 enim
1680 2764 1839 2836 superbire
1864 2766 1951 2833 ιιιιιιι

314 2872 372 2920 tuta
386 2860 505 2919 illiorum
519 2858 692 2926 innocentia;
719 2856 806 2929 patri,
822 2866 852 2913 ut
865 2855 996 2924 decebat,
1011 2854 1119 2910 obtem·
1169 2866 1212 2909 aar
1224 2862 1278 2921 est,
1292 2854 1348 2911 cito
1355 2854 1475 2913 labitur:
1489 2854 1693 2928 quodpratiae,
1705 2856 1761 2913 diu
1773 2856 1950 2915 terreturiis

317 2963 447 3029 perorent
469 2952 559 3011 liberi.
587 2952 649 3024 lpse
672 2949 836 3007 inoffensum
858 2957 964 3005 nature
990 2946 1117 3003 adactum
1169 2959 1244 3001 curre
1263 2946 1317 3001 erit
1336 2947 1421 3016 nnilnl,
1443 2957 1473 3004 ιιι
1487 2961 1640 3021 sponsores
1654 2949 1833 3006 concordie
1846 2950 1949 3022 asiam·

318 3048 484 3105 tcohiberet
497 3047 575 3112 dliis;
591 3046 634 3103 cui
645 3045 842 3111 sellettamen,
853 3057 967 3116 regnum
976 3042 1117 3113 relinque·
1168 3038 1264 3097 liberis
1277 3042 1347 3099 meis
1371 3051 1498 3113 parentes
1516 3043 1701 3115 amicosque,
1729 3060 1860 3117 qaorum
1881 3046 1948 3099 buta

316 3149 368 3200 ret.
385 3140 467 3199 Redit
478 3156 512 3197 ex
525 3141 592 3197 urbe
606 3138 693 3195 Roma
715 3153 777 3195 cum
794 3144 870 3209 patre
886 3134 1063 3204 Alexander,
1075 3132 1119 3206 lu·
1171 3142 1273 3191 mutuae
1284 3136 1439 3192 dilectionis
1450 3135 1577 3193 adactum
1592 3136 1724 3195 induant.
1742 3139 1819 3197 Nam
1833 3154 1948 3197 eunom

316 3234 493 3307 diciomngis,
507 3248 588 3305 quam
598 3231 754 3303 suspicione
764 3230 917 3287 absolutus.
932 3226 1117 3285 vacareenim
1131 3244 1155 3310 c
1170 3242 1262 3286 terram
1276 3229 1366 3286 malus
1388 3228 1469 3287 facile
1487 3242 1607 3288 montem
1623 3231 1773 3291 audientis
1786 3232 1906 3299 ἰιιιιιιι,
1919 3243 1948 3285 ta

319 3336 438 3384 mentem
458 3324 574 3382 lierodls
586 3324 620 3381 ab
633 3322 697 3380 odio
710 3322 826 3379 iliorum
845 3319 989 3392 Antipater
1002 3334 1057 3375 nou
1072 3333 1120 3390 pa·
1170 3322 1290 3378 maxime
1302 3321 1410 3379 assidua
1424 3322 1572 3395 colloquia,
1585 3334 1614 3381 et
1628 3324 1789 3385 diuturnus
1804 3342 1871 3385 usus
1883 3336 1947 3399 ιώ

320 3402 438 3476 debatur
453 3434 460 3474 :
476 3420 534 3491 ipsc
547 3418 619 3474 enirn
645 3425 703 3473 erat
725 3416 849 3473 odiorum
864 3415 998 3483 materia:
1014 3429 1120 3485 preme·
1171 3414 1270 3471 anime
1284 3415 1429 3475 inluudcre
1440 3417 1547 3488 solent,
1566 3434 1622 3491 quo
1634 3423 1775 3494 contagio
1785 3419 1946 3495 quodam

320 3513 367 3569 bat
380 3520 469 3567 tannen
485 3510 605 3567 studium
627 3524 705 3567 suum
730 3508 852 3565 contuitu
868 3507 1119 3576 reconciliationis,
1171 3508 1199 3564 in
1212 3522 1304 3565 mores
1317 3509 1595 3569 cobabitarntiumcito
1607 3520 1737 3572 transeat
1749 3532 1757 3569 :
1770 3516 1830 3573 etsi
1840 3514 1947 3585 transt

320 3619 355 3662 ιιι
370 3604 498 3676 appetitae
512 3602 701 3676 germanitatis
712 3614 821 3659 scenam
839 3598 986 3671 proderet,
1009 3599 1122 3657 insidias
1172 3610 1215 3659 tas
1229 3603 1397 3670 morurntit,
1414 3614 1504 3661 umen
1518 3612 1692 3678 utrumme
1711 3608 1787 3665 mite
1801 3608 1881 3675 lieet,
1894 3620 1946 3663 rcus

320 3696 517 3753 manifestaret.
530 3694 583 3754 libi
594 3703 705 3751 rentum
715 3703 758 3750 est
769 3694 795 3749 iu
805 3691 938 3759 Ciliciam,
952 3700 980 3749 et
993 3692 1122 3765 nartppn·
1173 3695 1373 3768 exagitantibus
1385 3710 1529 3768 emungere
1542 3697 1571 3753 iu
1583 3706 1671 3756 estus
1686 3699 1766 3757 valet
1778 3718 1787 3756 ι
1803 3703 1844 3759 ita
1859 3702 1945 3759 tous

299 3800 363 3850 ·tes
385 3790 595 3847 tabalensium
618 3788 845 3860 applicaverunt,
865 3788 986 3859 suscepit
1008 3801 1057 3843 eos
1069 3789 1122 3841 Ar·
1173 3796 1233 3846 tura
1246 3789 1379 3861 improbis
1402 3790 1722 3851 monitoribosiluctuat.
1748 3796 1881 3853 Arbitror
1892 3796 1946 3863 iuer

321 3884 433 3944 cbelaus
455 3886 547 3958 opimo
568 3882 711 3950 conuiuio,
739 3882 840 3953 gratias
865 3894 950 3954 agens
971 3877 1121 3937 Alexandri
1172 3882 1246 3953 quod
1259 3883 1286 3938 in
1300 3898 1345 3940 me
1362 3884 1549 3956 unusquisque
1564 3898 1643 3957 spem
1658 3887 1703 3943 sui
1711 3886 1945 3958 potissirnamdsle

321 3978 416 4052 penori
430 3978 470 4034 sui
490 3992 586 4045 causa,
599 3975 672 4048 quod
686 3984 845 4045 exemptum
861 3973 984 4046 periculo
999 3969 1124 4030 reconcl·
1173 3974 1341 4043 recondere;
1356 3977 1496 4034 nonenim
1508 3975 1701 4048 quodaccedit
1715 3977 1819 4036 liberis
1829 3978 1945 4045 mrim

321 4074 435 4131 liatloue
449 4070 654 4143 etiamdignum
670 4069 915 4137 aestimassetlpse
928 4066 1008 4125 etiam
1023 4064 1123 4122 litteris
1173 4066 1292 4139 deperit.
1311 4067 1377 4124 Plus
1395 4069 1583 4141 unuquisque
1600 4070 1779 4128 tribuuomm
1801 4073 1945 4130 uelutillut

322 4179 441 4238 persuos
454 4162 687 4231 directis,amicos
700 4169 859 4235 rogaverat,
875 4168 1014 4232 utgenero
1027 4156 1124 4214 delen·
1174 4163 1295 4219 resererl
1308 4162 1391 4220 debet
1404 4174 1509 4235 patrem
1525 4164 1733 4235 imperatorum.
1746 4166 1830 4240 Ego,
1844 4184 1945 4241 eposu.

321 4256 408 4313 sionis
424 4256 583 4327 adiumento
595 4256 701 4321 tarent,
726 4264 754 4311 et
773 4252 926 4311 discedenti
949 4250 1049 4309 obtulit
1067 4266 1123 4307 xxx
1174 4253 1393 4326 quimercedem
1418 4254 1553 4313 rrrrirersis
1568 4256 1741 4328 rependam,
1761 4272 1816 4330 pro
1836 4261 1878 4317 bis
1896 4263 1944 4316 etitr

322 4350 422 4408 talenta
437 4348 631 4423 hospitalitatis
644 4362 808 4415 munerare
821 4347 987 4421 zephyrium
1002 4346 1124 4420 adusque
1174 4361 1236 4417 qum
1251 4346 1317 4403 dliis
1331 4349 1399 4405 meis
1409 4347 1573 4423 detuleritis.
1590 4350 1622 4408 si
1638 4360 1714 4409 recta
1728 4350 1877 4411 advertero
1887 4354 1944 4410 stria

321 4456 413 4515 regem
429 4442 565 4514 perduxit.
583 4441 734 4515 Regressus
746 4441 858 4499 domum
871 4440 1061 4499 rescontinuo
1076 4456 1124 4514 po·
1175 4437 1255 4496 tactis
1280 4440 1494 4510 renruuerabor;
1514 4442 1708 4500 malevolentia
1733 4447 1856 4517 pretium
1878 4446 1944 4505 ιιιιιι

256 4594 258 4599 ,
320 4536 413 4608 pulum
428 4537 554 4607 aduocat,
570 4537 641 4608 apud
657 4552 738 4610 quem
755 4536 897 4594 bocrnodo
912 4536 1052 4595 disseruit.
1175 4548 1266 4605 suarm,
1281 4541 1312 4590 ut
1325 4534 1398 4607 apud
1411 4549 1476 4591 eum
1488 4549 1599 4608 quoquc
1617 4552 1701 4609 quem
1715 4540 1944 4610 paeneinsula

590 4626 706 4707 CAPUT
731 4626 855 4685 xlixlll.
1136 4626 1251 4697 ndum,
1263 4624 1645 4687 lrtrotuercidat.llosautem
1658 4629 1726 4687 boni
1738 4631 1943 4700 lilii,consideut

359 4719 438 4777 blodo
452 4734 533 4777 causa
549 4720 628 4789 mibi,
648 4719 755 4777 liobraei
770 4720 855 4790 eires,
879 4730 907 4780 et
921 4721 997 4777 utilis
1017 4731 1046 4779 ιι
1060 4720 1119 4778 lru·
1176 4720 1295 4792 primum
1310 4731 1416 4778 naturae
1429 4722 1609 4797 religionem,
1623 4726 1806 4797 cujosgratia
1827 4738 1857 4786 et
1875 4728 1942 4785 best'm

323 4819 419 4868 ctuosa
432 4811 482 4869 luit
495 4811 610 4868 Romam
623 4812 741 4883 petendi,
751 4812 876 4884 prolecto
890 4823 919 4869 ut
928 4814 963 4870 ιι
976 4813 1038 4870 liliis
1052 4820 1121 4872 mels
1176 4812 1320 4886 ligaturae
1328 4813 1411 4871 etiarn
1418 4812 1491 4873 ieras
1499 4816 1574 4888 cogit
1583 4816 1611 4874 in
1620 4832 1745 4875 amorem
1751 4820 1942 4879 mcesdtadirit:

310 4902 415 4960 cnam
426 4903 560 4975 iudicaret
574 4922 580 4959 :
592 4920 627 4962 ne
643 4904 718 4962 solus
733 4919 786 4977 epo
797 4906 844 4978 qui
857 4906 1003 4974 irascebar,
1018 4923 1122 4981 capno·
1176 4919 1269 4966 manet
1292 4909 1365 4967 inter
1384 4910 1531 4967 indomitas
1554 4910 1677 4983 pecudes
1696 4922 1809 4971 rnutuus
1829 4932 1909 4985 amor,
1926 4924 1942 4970 el

321 5008 440 5063 scerem,
452 4998 560 5067 perrexi
574 4998 607 5053 ad
621 4992 774 5052 cesarem:
797 4984 828 5051 u't
845 4997 891 5067 qul
905 5013 1016 5069 reginum
1031 4998 1123 5055 reddi·
1175 5002 1306 5074 periculis
1318 5002 1437 5075 propriis
1452 5002 1591 5061 redimunt
1600 5019 1669 5062 suos
1682 5004 1792 5063 bellue.
1806 5006 1941 5068 ueremi

322 5088 411 5158 derat,
420 5088 455 5146 de
465 5104 624 5148 successore
637 5104 699 5147 meo
711 5090 911 5161 pronuntiaret.
927 5092 1122 5163 Adiecitbene-
1175 5095 1258 5151 ctiam
1271 5093 1420 5165 Curarem,
1436 5095 1483 5168 qui
1496 5109 1547 5152 ros
1564 5110 1599 5153 ex
1618 5096 1740 5156 inimicis
1753 5101 1853 5158 amicos
1866 5102 1940 5159 imru

321 5182 390 5241 liciis
402 5184 478 5252 suis,
491 5190 522 5239 ut
533 5182 605 5255 quod
619 5183 730 5241 dildcile
743 5192 814 5251 erat,
831 5198 915 5257 prope
926 5187 1122 5246 amissosillios
1175 5184 1271 5243 'lertio
1284 5201 1329 5244 ιιιι
1343 5187 1443 5259 ipsum,
1458 5188 1506 5256 uui
1519 5202 1618 5259 rogare
1633 5189 1724 5259 malo,
1743 5206 1804 5249 cum
1818 5196 1903 5265 possin
1914 5196 1941 5263 js

320 5276 391 5349 patri
402 5282 626 5349 repraesentarem
639 5274 767 5333 iratribus
773 5276 845 5349 quod
854 5291 935 5349 supra
947 5273 1122 5352 ιιςιιιιιιι,
1175 5278 1262 5337 bere:
1284 5290 1393 5337 manete
1408 5279 1523 5347 fratres,
1539 5280 1626 5340 nolile
1639 5282 1656 5321 ⁴¹
1671 5299 1793 5344 exurere
1810 5290 1873 5359 quod
1884 5302 1939 5361 pere

320 5370 495 5429 concordiam
509 5367 646 5426 redderet.
662 5368 755 5426 Redeo
767 5370 848 5443 igitur
862 5370 945 5428 ditior
960 5386 1042 5444 quam
1055 5388 1120 5445 pro·
1174 5374 1229 5430 rati
1250 5375 1327 5455 estis.
1348 5373 1389 5430 llo
1411 5372 1488 5431 robis
1501 5384 1609 5431 restem
1619 5387 1650 5432 et
1664 5378 1774 5438 cultum
1793 5381 1938 5455 imperiales:

320 5454 407 5520 iectus
420 5475 497 5519 sum:
509 5460 592 5519 didici
605 5454 667 5519 esso
679 5460 776 5520 melior
788 5471 877 5536 pater,
891 5464 954 5537 qula
966 5463 1122 5523 didicerunt
1175 5466 1223 5523 ιιι
1233 5466 1441 5540 pretiosiorest,
1453 5467 1525 5540 quod
1535 5468 1652 5540 snradeo,
1662 5474 1938 5533 restriamotisinteae

360 5598 1125 5685 fldest,simul,commuuiterexbiberct,utequidem
1180 5605 1733 5682 ottiliitantonbonosentenonantnxn
1749 5626 1823 5689 pater
1892 5617 1936 5673 lut

322 5680 462 5729 extsltmo.
476 5668 616 5729 German.
1821 5632 1891 5747 m

355 5744 370 5787 b
389 5741 505 5812 llullnus
517 5742 628 5814 loseplni
643 5744 791 5816 interpres,
808 5744 943 5809 Etruscos.
958 5744 1044 5806 ems.
1068 5818 1071 5823 ¹
1207 5745 1222 5787 ‘l
1240 5746 1322 5809 Forte
1341 5760 1451 5810 maere:
1466 5746 1569 5824 idest,
1582 5748 1728 5818 obliuisci.
1743 5758 1865 5823 Gutum

355 5818 366 5849 ⁸
387 5812 449 5874 iet.
462 5814 524 5875 eod.
539 5816 624 5889 pretio
640 5830 649 5871 ι
674 5814 725 5873 ltoe
735 5822 795 5889 est,
810 5822 896 5893 patris
910 5818 1114 5892 permissione,
