4075 6359
84 370 173 430 atos

530 381 667 444 lllsvolt.
690 384 732 442 ull
751 385 890 446 Exotero
911 388 1050 450 Olenos.
1074 392 1177 456 tinnis
1195 395 1260 453 [ιιι.
1287 398 1321 457 V.

1681 401 1755 460 2¹9⁴

85 479 231 541 Sensistis
247 487 394 546 Romanam
409 492 535 550 virtutem
552 513 604 553 non
621 497 763 568 bellando,
779 501 827 558 sed
840 517 899 558 mo·
913 506 939 567 A
953 505 1148 577 inequitantem
1172 511 1328 570 Numinibus
1340 515 1454 574 vicimus
1475 526 1557 590 atque
1579 518 1752 577 intonantem

84 575 206 633 riendo.
224 579 319 651 Neque
343 583 415 638 eninr
438 586 465 640 in
490 602 587 659 eampo
612 603 700 648 restra
716 591 832 648 vidimus
856 609 903 665 ag-

84 668 189 737 nrina,
204 671 253 727 sed
268 673 294 726 in
312 691 405 742 rrnrro,
423 693 483 732 cnm
499 681 575 738 vobis
592 695 641 738 nec
658 683 775 740 claustra
790 685 903 755 prodes-

83 774 159 818 sent
172 763 206 818 ad
222 774 400 824 tutamentum
417 773 522 829 salutis.
536 774 601 843 Quis
616 778 687 832 enim
705 795 798 836 murus
813 782 897 837 resis-

82 861 186 924 teret,
204 859 302 928 qulbus
317 876 436 919 oceanus
452 880 506 921 non
530 868 647 925 restitit?
661 870 715 926 rlut
733 887 792 942 qnae
806 873 900 930 civitas

83 956 198 1001 nostr-as
214 949 349 1006 obsidioni
363 952 583 1026 inexpugnabilis
602 960 672 1018 loret
683 972 759 1034 septa
776 965 900 1034 praesidio

84 1050 248 1105 rnurorum,
278 1057 339 1098 eunt
367 1044 520 1104 Britannias
544 1066 651 1124 qnoque
680 1054 800 1112 Romana
823 1073 898 1115 arma

81 1135 309 1205 perterraverint,
341 1154 418 1198 muro
446 1142 588 1202 lremeutis
609 1149 825 1209 circumvallatas
843 1155 899 1212 clo-

82 1229 201 1283 tnenti?
225 1229 383 1290 substratus
410 1248 452 1292 est
474 1239 552 1296 nobis
575 1242 620 1298 illo
644 1256 797 1318 praeruptns
820 1263 897 1319 aquae

955 597 1045 654 undis.
1074 598 1161 672 lpslus
1185 608 1388 677 tempestatibus
1423 611 1595 681 quatiebatur
1620 613 1751 669 mundus.

953 689 988 746 Et
1012 693 1059 748 ille
1083 710 1175 752 muros
1190 713 1298 756 nostros
1321 702 1403 758 armis
1426 704 1560 774 pulsabat.
1577 704 1671 776 Neque
1686 720 1754 762 vero

952 787 1135 844 necessarium
1151 788 1211 858 luit,
1227 800 1256 846 ut
1269 792 1361 850 nostes
1374 800 1473 863 nostri,
1487 798 1558 854 siout
1569 798 1676 871 Assyrii
1690 813 1753 854 ves·

953 876 987 934 tri
1002 877 1169 937 dormientes
1182 884 1429 956 exstinguerentur,
1445 887 1493 944 scd
1508 889 1675 958 preliantes.
1691 889 1753 946 Non

951 973 1024 1027 enirn
1048 974 1075 1029 in
1098 975 1200 1033 somnis
1224 977 1335 1034 victoria
1359 981 1507 1051 quaeritur,
1521 982 1569 1038 sed
1593 983 1620 1038 in
1634 983 1750 1054 proelio:

951 1079 1004 1120 non
1030 1065 1137 1123 virtutis
1159 1068 1259 1126 adorea
1273 1081 1331 1140 est,
1346 1073 1391 1131 ubi
1408 1074 1517 1130 lortuita
1539 1074 1636 1146 gratia.
1652 1078 1751 1134 llttstcs

949 1161 1036 1216 riustri
1060 1179 1113 1219 non
1136 1179 1266 1235 aquarum
1288 1168 1371 1223 rutilo
1395 1169 1501 1241 decepti
1522 1172 1696 1228 renitentium
1715 1171 1751 1227 ad

949 1253 1014 1309 solis
1028 1266 1169 1324 exortum,
1186 1256 1214 1312 in
1228 1274 1325 1315 manus
1344 1269 1452 1316 nostras
1475 1262 1656 1318 inconsultius
1680 1263 1751 1318 inci·

80 1331 182 1374 nrons.
199 1320 295 1379 Patres
318 1335 443 1397 vestros,
468 1339 496 1386 nt
520 1331 639 1392 iudaice
661 1335 759 1394 inbutae
788 1339 895 1410 lerunt,
948 1343 1065 1414 derunt,
1089 1347 1153 1403 duur
1181 1347 1232 1404 iusi
1257 1351 1396 1422 sanguinis
1415 1353 1505 1424 specie
1525 1367 1576 1408 nos
1598 1355 1749 1410 exstinctos

79 1410 176 1468 Rubri
191 1416 274 1473 maris
287 1419 377 1488 unda,
392 1425 463 1478 muri
477 1427 568 1496 specie
583 1437 766 1500 transeuntes,
781 1434 895 1490 circnm-
948 1446 1112 1508 ptrtaverunt
1127 1458 1134 1494 :
1151 1440 1200 1497 sed
1212 1441 1330 1499 scientes
1345 1454 1373 1500 et
1394 1445 1427 1500 ad
1441 1446 1543 1501 bellum
1556 1449 1660 1517 parati,
1675 1461 1750 1503 eam·

80 1507 204 1564 vallavit
219 1527 226 1564 :
243 1510 364 1570 llomana
390 1515 520 1577 lortitudo
546 1538 653 1579 murum
669 1524 771 1583 Oceani
795 1528 897 1599 perire·
947 1543 996 1601 pos
1009 1542 1141 1588 terrarum
1155 1534 1316 1603 corporibus
1330 1537 1387 1591 suis
1402 1545 1504 1600 terere,
1518 1551 1549 1592 ac
1562 1538 1747 1608 propriosan·

80 1599 142 1670 git.
159 1600 217 1656 Non
234 1601 341 1662 invideo
362 1609 439 1665 vobis
459 1611 548 1668 aliena
569 1614 712 1673 benelicla.
729 1618 834 1676 Viderit
847 1635 896 1678 vos
947 1622 1029 1692 quine
1044 1623 1228 1691 repleverunt.
1243 1623 1308 1692 Quae
1320 1640 1370 1681 vos
1382 1625 1514 1682 lentitudo
1527 1627 1552 1683 in
1567 1637 1642 1684 tanta
1656 1631 1747 1700 posuit

81 1706 211 1752 nrareet
231 1696 347 1770 lugerit,
365 1709 393 1758 ut
419 1704 504 1762 clausi
527 1710 655 1768 ablroste
678 1713 894 1787 ingeritis,quia
947 1714 1111 1772 insolentia?
1133 1715 1191 1772 Non
1215 1717 1349 1774 videbatis
1378 1733 1426 1775 eos
1455 1721 1560 1777 servire
1582 1722 1747 1792 nobis„qni

80 1802 271 1864 perrumpere
295 1794 401 1853 bostem
425 1813 478 1855 non
504 1806 651 1873 poteratis,
674 1821 724 1862 nce
746 1808 891 1866 sustinere.
944 1811 1023 1866 vobis
1037 1811 1244 1881 imperitarunt?
1257 1811 1390 1885 AEgyptus
1402 1829 1464 1886 quae
1477 1828 1526 1869 vos
1539 1813 1661 1885 affligere
1673 1816 1745 1870 sole·

80 1879 174 1936 Nobis
188 1883 249 1956 iuga
265 1884 365 1946 Oceani
379 1890 477 1948 damno
491 1890 602 1963 luisset,
616 1896 640 1952 si
658 1896 780 1969 irrgisset.
795 1900 888 1958 Gessi-
906 1905 1004 1970 ant,
1020 1904 1100 1960 nobis
1111 1919 1232 1960 aunuum
1245 1905 1340 1975 pendit
1352 1906 1499 1972 tributum,
1515 1915 1543 1962 et
1556 1907 1628 1962 viam
1643 1907 1749 1978 praebet

78 1980 717 2056 nrusarrtebellumcunrductibus3insannm
733 2008 809 2050 marc
828 2007 892 2052 ante
946 1997 1086 2067 usquead
1111 1996 1217 2054 ludioos
1240 2005 1361 2065 tractus,
1385 2006 1462 2054 extra
1486 1999 1580 2056 orbern
1612 2008 1746 2056 terrarum

77 2073 295 2141 superavimus,
311 2090 392 2146 quarn
417 2079 450 2133 ad
478 2080 585 2138 bostem
609 2086 824 2154 perveniremus.
839 2090 893 2146 Et·

77 2163 161 2233 cepit
179 2180 229 2220 nos
247 2165 407 2239 Britannia,
423 2172 541 2232 victores
562 2177 770 2239 elementorum.
788 2183 892 2252 Quibus

77 2255 127 2311 illi
143 2255 284 2328 lidebant,
299 2277 348 2320 nos
362 2265 536 2339 subegimus,
554 2281 581 2327 ut
596 2273 629 2328 ad
646 2275 774 2348 triumphi
797 2292 893 2335 eumn-

76 2349 140 2406 lum
157 2351 216 2423 ipse
229 2353 354 2412 Oceanus
378 2360 531 2418 accederet.
548 2365 600 2421 Sed
618 2366 688 2424 iorte
711 2371 812 2428 virtute
831 2387 891 2430 cor·

76 2445 161 2514 poris
177 2451 393 2518 praesumebatis.
410 2454 546 2529 Numquid
569 2474 617 2516 vos
631 2461 775 2522 Germanis
797 2465 893 2526 iortio-

75 2552 141 2606 res,
155 2553 224 2610 quos
237 2555 330 2614 septos
345 2544 455 2618 Alpium
470 2565 564 2618 nturo,
579 2553 709 2611 tortitudo
722 2557 843 2614 Romana
864 2561 890 2616 in

76 2631 246 2690 servitutem
267 2635 398 2694 deduxit?
415 2639 471 2696 Nee
496 2641 540 2698 illn
566 2645 664 2701 similia
686 2647 767 2704 Tauri
791 2649 891 2707 montis

80 2725 200 2780 acclivis
224 2728 355 2796 collibus,
370 2741 416 2786 aut
428 2729 562 2804 Canopeis
581 2737 733 2808 agminibus
747 2739 891 2814 AEgyptio·

77 2831 164 2882 rum,
182 2833 244 2874 eum
272 2822 371 2891 quibus
394 2824 471 2879 vobis
496 2825 617 2885 bellandi
639 2846 703 2886 usus
726 2842 778 2889 est.
802 2833 891 2906 Supra

77 2912 174 2968 narbes
189 2915 378 2986 ascendimus,
392 2927 420 2974 et
442 2917 476 2976 de
491 2922 562 2978 nttbe
585 2923 784 2984 descendentes
803 2945 890 3000 popu·

81 3005 128 3060 los
153 3007 268 3063 vicirtrus
284 3011 417 3080 :aerium
444 3015 550 3070 cunctis
572 3019 728 3087 aperuimus
751 3023 811 3078 lter.
836 3023 891 3080 lter

80 3116 246 3170 aequoreum
278 3104 355 3161 vobis
384 3122 439 3164 non
464 3109 629 3178 invidemus,
654 3115 800 3172 dummodo
824 3118 890 3176 illud

81 3196 313 3266 triumphantium
329 3199 420 3270 luerit,
437 3201 490 3260 lrnc
506 3204 675 3277 fugientium.
691 3209 820 3267 llomanae
836 3213 888 3269 ita-

943 2089 1035 2160 egredi
1048 2099 1130 2161 atque
1143 2092 1258 2146 alterum
1273 2092 1368 2149 orbem
1382 2106 1515 2162 quarere,
1532 2091 1616 2147 maris
1627 2100 1745 2158 secreta,

943 2184 1009 2240 solis
1025 2185 1175 2252 oceanique
1186 2183 1292 2251 ultima,
1306 2193 1335 2240 et
1348 2184 1460 2240 alterius
1473 2184 1548 2240 orbis
1562 2184 1665 2240 incolas
1680 2199 1747 2240 nos-

945 2287 986 2332 tro
1009 2277 1123 2346 imperio
1149 2276 1308 2349 adjungere.
1323 2277 1394 2346 Quid
1407 2277 1536 2335 Antioclri
1553 2291 1683 2346 regnum,
1697 2275 1746 2347 qui

943 2383 991 2424 vos
1003 2369 1131 2440 gravibus
1143 2369 1284 2440 suppliciis
1299 2367 1410 2424 affecit?
1424 2368 1472 2424 lus
1494 2383 1604 2440 quoque
1627 2369 1715 2439 ipsum
1729 2365 1744 2405 ι’

944 2470 1068 2532 ereptum
1083 2461 1225 2532 religionis
1240 2479 1246 2515 :
1261 2476 1312 2518 nos
1322 2461 1375 2531 ipsi
1386 2460 1463 2516 vobis
1473 2458 1633 2524 refudimus,
1643 2459 1747 2530 glorio·

942 2554 1000 2610 sius
1024 2553 1190 2610 arbitrantes
1212 2553 1347 2623 imperare
1372 2551 1499 2623 regibus,
1524 2566 1607 2621 quam
1631 2565 1744 2624 regnum

944 2648 1051 2702 tollere.
1067 2645 1128 2716 lpsa
1143 2646 1224 2702 sedes
1238 2645 1409 2700 dominorum
1423 2652 1576 2699 vestrorum
1587 2643 1744 2710 Antiochia,

942 2753 1035 2792 nonne
1048 2736 1170 2793 studiose
1183 2749 1249 2792 snos
1263 2735 1424 2805 repudiavit,
1438 2743 1465 2790 et
1481 2749 1530 2790 nos
1543 2733 1670 2791 dominos
1683 2734 1742 2793 ele·

942 2830 1002 2900 gili
1024 2829 1081 2884 Vos
1103 2828 1155 2898 ipsi
1181 2843 1270 2885 nonne
1293 2827 1327 2884 ad
1352 2843 1403 2883 nos
1425 2825 1600 2899 confugistis,
1628 2835 1657 2883 ιιι
1680 2827 1744 2884 illos

942 2919 1069 2977 dominos
1085 2918 1228 2990 ingeritis?
1241 2918 1301 2975 Non
1315 2918 1367 2989 ipsi
1385 2931 1436 2974 vos
1453 2917 1638 2988 suscepimus,
1653 2926 1681 2973 et
1695 2917 1743 2974 ad-

943 3033 1052 3074 versum
1069 3018 1130 3072 illos
1143 3015 1332 3073 deiendimusi
1348 3025 1359 3053 0
1371 3013 1513 3070 servimus
1527 3012 1625 3080 vobis,
1639 3022 1669 3069 ut
1681 3028 1745 3070 vcs-

943 3113 992 3168 tris
1015 3111 1119 3182 legibus
1142 3109 1292 3166 viveretis:
1307 3107 1432 3164 dedimus
1459 3114 1620 3177 potestatem
1643 3107 1742 3162 vestris

943 3207 1075 3264 inservire
1090 3204 1218 3262 cultibus.
1231 3203 1315 3260 Sacra
1330 3197 1420 3258 ve'stra
1436 3199 1507 3256 scire
1522 3200 1677 3263 noluimus,
1691 3199 1741 3255 scd

77 3304 136 3360 que
151 3289 244 3344 virttrti
258 3292 441 3350 consederunt
456 3307 579 3365 montes,
595 3315 690 3356 arrrrres
704 3313 883 3374 exaruerunt,
899 3296 922 3360 C
939 3298 1248 3358 honoravimus.Postea
1261 3294 1449 3352 rebellandum
1459 3290 1585 3363 putastis.
1595 3290 1745 3362 Pompeius

77 3385 185 3438 arrrisso
200 3397 280 3441 cursu
295 3402 374 3458 qrtem
392 3397 486 3444 natura
501 3391 657 3460 direxerat,
674 3405 700 3452 et
712 3395 813 3454 inflexo
832 3413 887 3468 quo

79 3480 205 3536 victores
224 3480 367 3552 jubebant.
382 3483 535 3541 Conversus
546 3485 582 3542 sit
596 3486 722 3558 iordanis
736 3499 843 3561 vester,
858 3500 887 3548 ut

77 3572 184 3640 dicitis,
200 3586 281 3646 atque
294 3575 322 3631 in
338 3575 440 3633 iontem
454 3582 610 3649 reverterit,
628 3591 656 3638 ut
671 3584 748 3640 vobis
758 3585 809 3642 iter
820 3602 886 3657 pan-

78 3665 161 3722 deret
175 3685 182 3722 r
195 3683 249 3723 non
261 3681 295 3724 eo
305 3667 400 3725 Cloelia
411 3669 532 3727 Romana
546 3674 622 3744 virgo
633 3675 716 3745 eguit,
728 3691 788 3745 quae
800 3678 886 3746 ruptis

80 3758 205 3816 vinculis
221 3759 327 3816 bostem
343 3763 442 3828 evasit,
458 3776 486 3818 et
501 3762 582 3818 lluvio
595 3765 745 3822 decurrens
758 3767 887 3824 llonranis

79 3866 111 3906 se
126 3852 221 3907 intulit
245 3852 353 3909 castris.
368 3852 423 3908 Nec
441 3854 565 3911 incendia
583 3867 673 3912 vestra
690 3860 836 3926 miramur,
853 3860 887 3916 de

78 3947 182 4018 qulbus
205 3946 336 4003 liebraeos
360 3961 459 4017 pueros
485 3950 621 4016 evasisse,
648 3953 781 4008 maximos
805 3953 887 4010 edere

78 4049 178 4096 cantus
192 4039 296 4096 soletis.
309 4038 412 4096 liucius
432 4051 524 4097 noster
546 4043 620 4098 nullo
635 4053 750 4115 cogente
775 4061 886 4102 uranum

80 4133 204 4188 admovit
220 4132 339 4202 ignibus,
355 4147 406 4190 neo
420 4135 546 4200 removit,
563 4136 650 4192 donec
661 4139 884 4209 victorincendii,

80 4224 245 4280 miraculum
260 4223 383 4282 lrostibus
397 4229 455 4282 suis
466 4227 621 4284 iuiunderul
631 4228 812 4300 fortitudinis,
825 4249 885 4303 quae

80 4316 208 4372 ilnrnmas
224 4332 277 4372 non
293 4320 417 4374 senserit.
434 4319 556 4391 Denique
570 4337 663 4392 pacem
679 4332 823 4393 rogarunt,
840 4326 884 4396 qui

82 4411 254 4480 triurnplrnm
274 4413 430 4482 sperabant.
447 4417 488 4469 rln
503 4428 568 4469 vero
582 4415 703 4472 coelestia
718 4416 762 4472 illa
775 4431 823 4473 vos
836 4432 885 4473 er·

83 4502 171 4556 tulere
188 4502 297 4572 pabula,
314 4513 341 4558 et
368 4518 429 4560 esca
446 4505 596 4576 pluviarum
612 4505 745 4564 adversus
758 4507 885 4566 virtutem

84 4595 256 4652 lionrannm?
271 4597 323 4653 Sed
339 4599 513 4656 considerare
536 4599 627 4658 decuit
651 4603 774 4660 altricem
800 4605 885 4675 ipsam

937 3397 1071 3466 templum
1085 3392 1182 3464 coepit,
1199 3392 1315 3448 sednon
1330 3387 1413 3444 diruit
1430 3405 1437 3440 ε
1460 3387 1555 3442 urbem
1580 3384 1741 3456 occupavit,

937 3488 985 3548 sed
1001 3489 1106 3556 integra
1122 3487 1214 3540 ontrria
1223 3481 1373 3540 reservavit
1388 3480 1512 3536 donaria.
1525 3478 1579 3534 Pro
1591 3477 1704 3547 quibus,
1719 3493 1736 3533 o

937 3581 1006 3653 grati
1023 3579 1109 3636 socii!
1128 3577 1197 3633 itanc
1218 3575 1306 3631 vicem
1320 3573 1398 3629 nobis
1413 3569 1596 3642 rependistis,
1609 3578 1640 3625 ut
1657 3573 1739 3626 tertio

938 3671 1126 3732 rebellaretis?
1140 3669 1234 3726 Fuerit
1254 3667 1326 3722 Nero
1340 3663 1548 3735 despiciendus,
1565 3663 1613 3718 sed
1637 3678 1691 3719 non
1712 3664 1739 3718 in

938 3783 992 3825 nno
1006 3767 1128 3820 llomana
1143 3763 1229 3817 virtus
1243 3757 1449 3828 expendebatur
1468 3778 1475 3814 ι
1492 3756 1540 3813 sed
1552 3753 1669 3811 babebat
1688 3755 1741 3810 mi-

937 3859 1013 3914 litem
1029 3856 1245 3926 Vespasianum,
1259 3853 1303 3923 qui
1326 3855 1382 3921 jam
1396 3850 1430 3907 ad
1447 3865 1541 3922 paeenr
1561 3859 1739 3904 revocaverat

937 3948 1062 4007 Gallias:
1079 3953 1135 4002 tam
1156 3945 1234 4002 iortis
1248 3946 1273 3999 in
1290 3944 1403 4014 prelio,
1418 3951 1448 3998 ut
1460 3957 1509 4013 per
1523 3941 1601 3996 illuto
1617 3949 1646 3995 et
1662 3939 1736 3996 Nero

937 4043 1074 4106 vinceret,
1089 4054 1137 4111 per
1152 4038 1228 4094 illum
1237 4035 1309 4092 Nero
1317 4043 1392 4092 esset
1402 4034 1527 4090 hostibus
1539 4029 1734 4088 lormidabilis:

939 4148 993 4194 tant
1007 4135 1096 4191 lidelis
1109 4133 1220 4189 domino
1233 4131 1367 4203 principi,
1384 4139 1414 4184 ut
1428 4126 1502 4184 solus
1516 4124 1658 4196 imperium
1680 4139 1739 4180 non

937 4241 1091 4304 quaereret,
1104 4228 1176 4299 quod
1190 4227 1265 4284 solus
1277 4226 1441 4282 merebatur.
1457 4224 1512 4283 Sed
1536 4223 1643 4280 Cestius
1657 4222 1736 4279 lese-

937 4333 981 4382 rat
995 4343 1002 4380 :
1016 4322 1153 4394 querelam
1181 4318 1282 4376 deierri
1302 4317 1412 4383 decuit,
1432 4331 1485 4372 non
1510 4329 1586 4372 arma
1608 4315 1734 4386 irrogari.

938 4420 1036 4476 llissus
1049 4427 1126 4488 pater
1139 4414 1332 4485 Vespasianus,
1347 4411 1393 4481 qui
1419 4408 1581 4478 improvisus
1605 4407 1693 4477 potuit
1707 4407 1734 4461 in

938 4515 1087 4584 imparatos
1102 4525 1132 4566 se
1153 4507 1295 4565 cliundere
1311 4523 1318 4560 ε
1334 4504 1473 4562 Galilaeam
1486 4501 1661 4566 circumibat,
1676 4500 1736 4556 lon·

937 4606 1036 4676 ginqna
1061 4601 1210 4668 exurebat,
1226 4610 1256 4656 ut
1275 4616 1323 4657 vos
1344 4600 1516 4671 deponeretis
1539 4592 1733 4660 insolentiam,

82 4692 160 4747 orbis
182 4700 317 4747 terrarum
340 4692 458 4750 Africam
482 4709 543 4752 esse
574 4695 724 4768 subjectam
754 4681 1539 4767 RomanarDverrlampostularetis.Ostenditvirtutern,
1556 4685 1734 4748 etcumurri·

82 4785 245 4842 lurtitudini.
262 4785 345 4842 Nobis
365 4791 467 4854 servit,
482 4805 542 4862 quar
564 4807 660 4848 omnes
683 4792 755 4849 alit:
781 4794 807 4849 in
823 4807 887 4850 nos·

85 4888 125 4934 tra
141 4887 275 4949 potestate
288 4889 330 4934 est
346 4879 431 4936 inmes
446 4882 587 4950 omniurn,
603 4892 631 4939 et
645 4885 733 4941 victus
747 4885 886 4940 universo-

85 4986 156 5026 rum.
169 4970 248 5040 Quod
269 4979 365 5030 natura
386 4973 512 5030 omnibus
536 4974 626 5042 dedit,
654 4977 740 5032 virtus
764 4977 885 5034 Romans

81 5063 129 5134 jus
144 5079 223 5118 suum
236 5064 310 5120 iecit.
323 5064 412 5134 ipsum
437 5065 595 5122 Annibalem
618 5068 744 5138 perculit,
762 5073 788 5124 in
813 5071 885 5126 exsl-

84 5158 206 5232 liumque
220 5159 320 5228 coegit,
335 5173 416 5228 quem
446 5173 499 5213 rron
514 5159 638 5228 capiebat
651 5161 725 5218 orbis
740 5170 884 5218 terrarum.

85 5250 232 5320 rlrrgustior
247 5249 352 5306 civibus
366 5247 455 5306 lllrica
478 5249 537 5306 luit.
553 5251 610 5308 Non
627 5253 732 5310 idoneae
745 5254 779 5310 ad
795 5253 886 5311 dento-

87 5345 202 5400 randum
217 5344 282 5398 vise
296 5343 452 5414 llispanire;
467 5356 543 5400 arcta
558 5345 638 5402 vianti
660 5347 763 5414 Gallia,
780 5347 887 5418 indigna

87 5434 163 5490 ltalia
179 5434 305 5490 amicitiae
319 5431 439 5502 loedere,
458 5445 486 5490 et
506 5435 643 5492 societatis
666 5438 813 5494 consortio.
826 5438 889 5495 Jac-

938 4803 1033 4846 vcrsos
1047 4788 1154 4844 clausos
1170 4795 1287 4849 teneret,
1302 4784 1451 4857 AEgyptum
1465 4783 1552 4856 petiit,
1568 4789 1598 4838 ut
1611 4778 1734 4836 inducias

938 4880 1119 4954 resipiscendi
1133 4881 1221 4937 daret.
1235 4879 1429 4936 lnsolentiores
1441 4893 1491 4935 vos
1506 4887 1598 4934 nostra
1611 4874 1734 4932 absentia

937 4977 1013 5042 iecit,
1029 4977 1093 5047 quia
1107 4990 1156 5031 nos
1168 4983 1314 5045 occupatos
1326 4979 1452 5044 putastis.
1469 4971 1523 5030 Sed
1538 4983 1686 5042 numquam
1698 4968 1735 5023 ita

938 5069 1064 5140 occupati
1086 5082 1198 5134 snmus,
1213 5078 1243 5122 nt
1254 5066 1380 5121 absentes
1404 5064 1491 5121 simus
1509 5063 1570 5120 orbi
1589 5073 1733 5120 terrarum.

939 5163 1006 5219 Nam
1022 5174 1050 5218 et
1061 5164 1189 5219 absentes
1208 5161 1356 5225 adsumus,
1371 5168 1401 5215 et
1413 5158 1494 5231 longe
1507 5159 1603 5232 positis
1625 5159 1738 5232 propius

940 5255 1103 5310 assistimus.
1130 5254 1250 5324 Namque
1275 5261 1305 5306 ut
1337 5265 1427 5306 anima
1451 5260 1479 5307 tn
1503 5267 1619 5324 corpore
1646 5250 1736 5309 omnia

940 5347 1063 5402 membra
1083 5346 1206 5403 virilleat
1219 5359 1287 5410 sua,
1302 5344 1342 5399 sic
1357 5344 1477 5401 Romana
1496 5343 1667 5418 providentia
1679 5356 1738 5399 orn-

942 5441 1022 5498 nibus
1044 5440 1150 5513 imperii
1172 5444 1214 5500 sui
1239 5442 1362 5516 partibus
1385 5445 1477 5514 adeat,
1492 5453 1520 5500 et
1543 5450 1627 5497 totum
1644 5440 1738 5497 orbem

88 5527 152 5582 tetis
176 5526 270 5593 liceat,
286 5527 386 5596 quodn
408 5525 519 5582 llutnitta
545 5527 721 5586 militaverint
744 5530 835 5599 vobis,
861 5541 890 5590 et
941 5535 1114 5602 Romanum,
1132 5545 1267 5611 tamquam
1282 5556 1403 5611 praesens
1415 5539 1557 5611 gubernat.
1571 5536 1637 5593 Nam
1650 5534 1741 5590 sisin-

89 5618 219 5674 coelestes
244 5626 392 5686 potestates
420 5619 598 5689 pugnaverint
620 5638 625 5672 :
651 5633 701 5674 nos
724 5621 886 5678 Annibalem
940 5627 1121 5697 galisanimis
1142 5630 1187 5685 illa
1210 5634 1253 5689 vis
1277 5632 1367 5688 divina
1382 5631 1491 5703 regendi
1513 5627 1636 5700 eorporis
1656 5627 1743 5682 virtu-

125 5791 138 5818 t
161 5775 333 5830 Fabulae...
358 5775 518 5848 srrlminibus.
548 5773 632 5829 litun.
661 5801 695 5814 -
727 5775 886 5842 llrrjrrsmodi
980 5781 1225 5852 inreparabilis.

91 5848 230 5910 restitutio
240 5861 333 5914 parunt
345 5856 528 5902 consentanea
539 5846 618 5901 nobis
629 5845 891 5907 aderundmmno.
987 5865 997 5890 ι
1014 5853 1187 5913 Sereneinnrs.
1203 5863 1240 5916 lo.
