4075 6359
705 308 738 371 m
759 310 926 371 bsatbtm
944 299 1054 371 ellim
1073 304 1267 369 exaustum.

443 570 878 744 samm
945 555 1532 733 amenesii

747 840 1036 935 aurelianus
1068 837 1234 925 uersum

335 1061 428 1167 IN
492 1044 928 1199 ustulatum
992 1039 1282 1148 bavit)
1343 1034 1657 1143 CXVII!

707 1272 1279 1433 EXPOSITIO.

822 1508 1184 1585 [------ι

464 1676 658 1743 PROLOGUS·
978 1650 1005 1713 p
1052 1645 1135 1719 072
1152 1644 1181 1701 ι.
1201 1642 1315 1701 bitteris
1328 1652 1421 1700 annm
1438 1643 1554 1714 singulis
1568 1652 1686 1705 odones
1697 1646 1821 1707 versieu-

1018 1740 1061 1797 los
1075 1737 1201 1811 ascripsit
1210 1754 1218 1805 ;
1228 1744 1259 1794 ut
1271 1736 1353 1794 simul
1372 1747 1401 1795 et
1416 1737 1549 1795 unitatem
1560 1737 1572 1778 i
1583 1740 1695 1799 doceret
1709 1742 1720 1815 (
1728 1744 1821 1800 uultus

201 1846 282 1921 m
302 1843 328 1901 l.
351 1841 460 1898 *bien
478 1838 593 1913 remulce
612 1849 728 1909 queque
745 1833 821 1891 reiut
837 1831 908 1889 tubae
923 1831 968 1887 in·
1018 1835 1092 1891 enirn
1112 1842 1222 1891 coercet
1244 1832 1337 1889 ornain
1356 1842 1385 1890 st
1406 1834 1494 1905 regit,
1513 1835 1559 1892 eni
1582 1837 1706 1907 subjecta
1728 1838 1821 1896 omnia

167 1940 307 2011 erepuerit
330 1950 401 1995 sene
422 1932 509 1991 bunia
535 1930 690 2005 propbeta:
707 1930 797 1986 teurdn
821 1925 967 1984 moralium
1018 1928 1101 2000 sunt)
1122 1935 1151 1983 et
1179 1925 1370 1997 purgationem
1393 1925 1521 1997 legitimae
1547 1929 1773 1987 mnettucartonls
1795 1943 1819 1988 ι.

167 2045 282 2102 magnus
304 2030 436 2101 magister
457 2028 485 2083 in
508 2042 541 2083 eu
565 2034 697 2097 quantum
719 2022 835 2080 excellat
854 2021 966 2089 Etlrica,
1018 2019 1123 2077 Oetaea
1134 2018 1207 2075 eninr
1219 2017 1263 2075 die
1278 2016 1435 2075 solemnisl
1446 2021 1574 2093 purgatio
1583 2024 1628 2080 acl
1642 2040 1675 2080 ex
1693 2024 1767 2097 Lege
1780 2037 1823 2083 est

168 2124 265 2195 psalni
279 2123 360 2191 lartius
372 2135 477 2179 eausam
492 2118 724 2190 declaratgratia.
745 2114 884 2188 Siquidem
903 2128 983 2171 cunt.
1021 2112 1114 2185 (decit.
1135 2125 1190 2180 xrr,
1206 2111 1257 2167 det
1271 2110 1323 2185 l);
1339 2113 1403 2183 grtia
1423 2110 1518 2170 octa‘ra
1536 2114 1582 2171 die
1604 2116 1823 2177 circumcisionis

167 2219 260 2274 suanis
275 2216 367 2271 omnis
377 2214 500 2271 doctrina
516 2211 760 2278 moralissimum
773 2209 895 2265 maxime
906 2222 969 2263 sua·
1018 2204 1180 2262 solemnitas
1195 2204 1304 2276 impleri
1320 2215 1421 2262 statuta
1434 2216 1477 2263 est
1490 2226 1497 2261 :
1511 2209 1557 2265 rel
1574 2210 1639 2282 quia
1657 2220 1730 2270 totus
1745 2232 1824 2273 rnun-

167 2308 252 2365 vitate
266 2308 415 2374 earrnims,
429 2320 457 2363 et
479 2305 610 2377 psallendi
631 2303 775 2361 dulcedine
789 2302 908 2359 delcetat
921 2317 969 2357 arr·
1019 2299 1071 2355 dns
1090 2298 1282 2370 coinquinatus
1304 2307 1364 2354 erat
1389 2302 1510 2371 peccatis
1532 2304 1653 2373 nostris,
1673 2314 1701 2363 et
1715 2318 1821 2377 septem

167 2416 224 2469 res,
235 2401 409 2471 animuumue
423 2398 570 2457 demulcet.
584 2398 733 2471 Meritoque
748 2396 890 2469 plerisque
900 2394 970 2451 locis
1020 2394 1077 2453 illis
1091 2396 1211 2469 pollutus
1225 2397 1332 2455 diebus.
1347 2396 1400 2454 Ubi
1415 2408 1507 2457 autem
1522 2404 1597 2458 uenit
1612 2406 1823 2467 resurrectionis

171 2494 315 2551 muralium
330 2494 481 2551 sententias
495 2492 661 2563 psalmorum
677 2501 815 2562 tamquam
829 2489 968 2545 stellarum
1020 2491 1093 2559 dies,
1120 2491 1302 2549 convivificati
1322 2492 1440 2554 bomine
1463 2494 1529 2555 tem
1555 2500 1774 2573 resurreximus,
1798 2513 1827 2561 et

169 2584 503 2658 determinandamque
524 2586 616 2643 lucent
631 2583 738 2657 strperel
751 2586 871 2641 emicant
884 2600 891 2637 z
905 2598 970 2639 ceu·
1021 2588 1105 2643 erecti
1130 2601 1239 2654 sumus,
1261 2588 1289 2643 in
1314 2590 1437 2647 novitate
1463 2592 1525 2647 vitm
1545 2593 1691 2652 ablutionis
1705 2601 1822 2668 gratiana

172 2679 300 2737 tesimum
313 2688 418 2735 rmoet
432 2685 558 2735 octavum
577 2674 711 2734 decimum
732 2677 880 2749 psalmum,
896 2676 970 2731 retur
1022 2679 1211 2752 praeferentes.
1237 2681 1390 2753 Meritoque
1413 2683 1594 2756 primogenita
1614 2687 1826 2748 ederimusaui-

171 2776 243 2847 pleni
270 2774 382 2831 luminis
407 2776 493 2833 selem
519 2774 672 2831 meridiano
694 2772 849 2829 lerreutcm
865 2772 969 2838 calere,
1022 2776 1124 2831 mantia
1144 2776 1172 2830 iu
1190 2776 1275 2849 ligura
1297 2778 1473 2852 primogeniti
1488 2780 1551 2838 min
1569 2782 1634 2853 liei,
1648 2785 1782 2842 castitatis
1796 2798 1824 2844 et

174 2870 227 2925 ein
247 2882 376 2940 processa
389 2868 453 2924 libri
465 2867 610 2924 coarttituit
631 2876 728 2935 aetam
742 2875 772 2921 ut
785 2880 872 2937 negare
884 2872 972 2920 matra·
1023 2866 1224 2938 simplicitatis,
1251 2868 1375 2940 spiritale
1400 2872 1564 2929 sacrillcium
1590 2885 1733 2947 acceptum
1755 2878 1824 2948 lico,

171 2963 222 3019 tici
242 2968 318 3019 ortus
336 2961 488 3033 semiplena
512 2960 747 3032 excedimusque
763 2958 972 3030 vespertiaiuc·
1023 2972 1078 3014 nen
1099 2970 1196 3030 quarto
1210 2968 1257 3015 ant
1271 2961 1367 3031 quinto
1379 2961 1438 3028 dle;
1464 2979 1499 3019 nc
1514 2964 1682 3023 irnrnundunr
1706 2979 1753 3025 aut
1779 2970 1822 3027 in·

171 3073 251 3115 casus
274 3058 386 3131 quidam
415 3058 510 3114 senilis
532 3056 670 3124 delectus,
696 3054 846 3111 dclaritati
868 3052 969 3125 aliquid
984 3064 1243 3129 Beonsummatum
1271 3055 1435 3113 sacrilicimu
1456 3057 1573 3115 sit:sed
1597 3071 1693 3118 octava
1707 3064 1752 3121 die
1770 3082 1824 3137 qua

171 3151 286 3226 perlecti
308 3150 463 3222 splendoris
483 3148 674 3221 decerperent.
688 3149 774 3218 Quem
789 3146 970 3219 persingulas
1021 3158 1118 3201 omnes
1141 3146 1167 3201 in
1190 3145 1292 3204 Christi
1310 3148 1513 3208 ressurectione
1527 3168 1582 3209 non
1602 3154 1693 3211 solum
1707 3159 1827 3216 resusci-

172 3245 354 3301 llcbracurttn
382 3242 495 3314 digessit
525 3244 645 3309 litteras,
679 3250 709 3297 ut
738 3238 967 3312 quemadmodum
1022 3238 1088 3307 tati,
1115 3239 1164 3296 sed
1190 3241 1273 3297 etium
1299 3243 1453 3300 confirmati
1477 3259 1581 3302 sumus.
1609 3246 1688 3305 Unde
1712 3248 1777 3307 licet
1796 3254 1824 3310 iu

172 3338 347 3411 paruulorum
371 3334 479 3409 ingenia
503 3336 597 3405 primis
618 3334 769 3391 litterarum
795 3333 968 3391 clementis·
1023 3330 1189 3404 baptismate
1212 3335 1292 3406 plena
1316 3337 1352 3393 sit
1374 3336 1466 3395 statim
1484 3340 1610 3411 purgatio
1626 3360 1633 3399 :
1650 3350 1741 3400 tamen
1761 3347 1825 3419 quia

173 3438 333 3487 assuescunt
354 3428 479 3485 discendi
499 3443 577 3485 usum
597 3442 753 3491 assumere:
771 3428 903 3485 itaetianr
919 3440 969 3484 nos
1023 3426 1171 3486 ablutionis
1194 3429 1280 3501 ipsius
1307 3431 1490 3505 sacrificiique
1513 3435 1649 3492 rationein
1672 3436 1825 3509 baptizatus

173 3521 330 3595 hujusmodi
341 3520 483 3579 mucuns
497 3534 575 3579 usust
591 3520 726 3579 discamm
737 3521 855 3578 risendi.
1024 3521 1105 3580 debet
1117 3538 1294 3597 cognoscere,
1307 3526 1315 3565 ¹
1330 3542 1383 3583 uon
1398 3526 1479 3584 oden
1491 3528 1667 3597 sacrldclum,
1682 3532 1735 3588 nisi
1751 3544 1827 3589 ocra-

211 3663 352 3735 ¹¹Quidam
375 3679 454 3731 mss,
479 3662 550 3719 Licet
575 3664 690 3737 inpatieus
716 3681 826 3737 queque.
856 3664 971 3733 Quidam
1024 3666 1232 3732 communione,
1252 3666 1656 3739 teddcsacrilicioleuaatur;
1675 3670 1714 3729 ιιι
1736 3683 1828 3742 potest

175 3752 237 3795 mant
251 3746 308 3793 ant.
325 3736 402 3798 edit..
415 3735 488 3792 Licet
500 3737 609 3807 mprtiro
623 3752 732 3807 puppam.
746 3737 799 3792 dlii
821 3736 928 3791 domum
944 3744 972 3791 et
1024 3736 1077 3793 lroc
1101 3737 1253 3809 discipline
1273 3739 1469 3795 ecclesiasticen
1492 3751 1583 3811 caput,
1598 3741 1671 3813 quod
1687 3742 1755 3799 lurte
1769 3745 1812 3803 lle

175 3810 256 3867 Rura.
271 3808 337 3867 edit.
353 3820 382 3865 ut
394 3809 422 3865 ιυ
436 3816 521 3865 textu.
539 3810 639 3863 lterruu
655 3808 750 3865 eadem
765 3808 831 3864 edit.
847 3810 916 3874 sola,
934 3817 972 3861 tu·
1024 3809 1127 3864 diolani
1155 3817 1260 3865 tantum
1287 3810 1448 3878 obtinebat,
1474 3814 1604 3881 esplicari
1621 3830 1627 3866 :
1647 3812 1827 3871 Praebebatur

176 3882 446 3952 rnenineopuentnm
460 3878 570 3936 excellet
584 3878 701 3947 etlrrricn,
716 3881 809 3949 pranlnri
828 3880 908 3954 bajus
928 3879 973 3936 de·
1024 3880 1134 3945 auidum
1159 3881 1297 3953 neophyto
1312 3883 1404 3937 statim
1421 3898 1437 3939 e
1457 3883 1543 3938 sacris
1567 3883 1688 3938 lontibus
1712 3901 1825 3955 egresso

177 3955 260 4010 cieret
282 3954 376 4025 pretia.
392 3952 479 4018 Ουυιιι
503 3952 593 4007 lecum
618 3959 648 4005 ut
669 3952 704 4007 ira
728 3950 896 4017 decurtaret,
913 3952 973 4021 eius
1025 3951 1147 4008 dirinum
1160 3964 1373 4021 sacramentum,
1390 3954 1437 4009 sed
1451 3953 1520 4010 torte
1532 3955 1721 4025 depromptum
1737 3972 1753 4013 e
1769 3972 1825 4014 rur-

176 4024 261 4082 dubio
277 4026 370 4094 precul
385 4024 552 4081 obscuritate
566 4021 691 4077 ellectum
712 4033 762 4079 est.
780 4022 816 4079 m
834 4030 926 4077 antem
948 4022 973 4077 ci
1024 4023 1111 4078 ricula
1132 4038 1215 4107 super
1239 4024 1317 4077 :rltari
1338 4035 1431 4079 crecta
1446 4026 1491 4078 acl
1508 4042 1541 4079 cx
1557 4042 1640 4082 aurea
1660 4038 1825 4096 argenteam

177 4099 265 4154 lucem
287 4098 408 4167 adiuuem
422 4094 584 4160 alienamus,
604 4094 769 4148 monendum
783 4092 910 4147 duximus
926 4108 973 4145 aa·
1025 4094 1152 4149 columba
1166 4094 1279 4156 ebidem,
1294 4104 1341 4149 aut
1353 4094 1381 4148 in
1394 4095 1554 4163 baptisterio
1565 4110 1707 4163 suspensa.
1724 4098 1750 4151 in
1764 4101 1824 4165 onia

177 4184 239 4235 ees,
254 4171 333 4235 ineo,
344 4166 439 4223 rederri
454 4176 581 4236 oportere
607 4165 640 4219 td
654 4163 724 4229 illas,
738 4164 806 4218 ceint
819 4165 886 4217 taire
897 4178 972 4227 sono,·
1026 4164 1077 4219 bus
1088 4162 1153 4216 olim
1165 4163 1232 4217 illud
1241 4164 1445 4230 asservabatur3
1457 4166 1526 4217 sicut
1538 4180 1571 4220 cx
1585 4165 1777 4223 cerasensium
1790 4171 1825 4227 ab

177 4240 231 4296 bur:
243 4248 296 4305 ert,
313 4236 582 4301 maturescentem,
595 4244 620 4289 et
630 4235 757 4303 psallendi
775 4234 927 4300 dulcedine,
944 4240 974 4287 ιιι
1026 4234 1217 4305 Amphilncbio
1235 4235 1346 4307 scripta,
1363 4252 1395 4291 ex
1411 4236 1526 4307 supplici
1541 4236 1633 4293 libello
1645 4238 1670 4293 in
1683 4239 1825 4298 actiones

177 4310 309 4367 ceritintto
321 4311 438 4367 sancrm
451 4308 578 4376 explieat.
1026 4305 1110 4361 Cone.
1135 4306 1278 4361 Constant.
1301 4307 1351 4362 sub
1376 4305 1474 4363 blerana
1498 4306 1628 4363 celebrati
1643 4325 1657 4363 a
1670 4308 1778 4366 clericis
1796 4321 1824 4368 et

215 4380 325 4437 baon.
349 4380 429 4446 edit,
453 4379 563 4436 onena
585 4378 613 4433 in
634 4376 707 4445 orie,
724 4386 827 4432 sunctae
842 4376 973 4448 Propitetu
1025 4376 1167 4433 ruoriaciris
1183 4377 1360 4434 dntiecberris
1375 4379 1478 4444 ublato,
1492 4383 1554 4437 item
1570 4395 1603 4436 en
1617 4380 1739 4447 Paulino,
1756 4382 1825 4440 Gre-

179 4452 314 4522 diffudit.
1025 4450 1101 4519 gorio
1129 4450 1196 4506 l'ur.
1221 4461 1302 4518 alatne
1325 4451 1385 4507 aliis
1411 4452 1489 4507 multi
1517 4451 1705 4509 observarunt.
1722 4452 1824 4511 Verum

217 4527 309 4581 elisa.
333 4523 474 4590 utensili,
496 4524 525 4577 ιιι
548 4536 668 4591 processu
689 4520 748 4577 iibri
771 4520 845 4593 pueri
869 4521 972 4594 plenum
986 4493 1010 4557 C
1026 4522 1135 4579 interim
1151 4538 1166 4577 a
1180 4522 1313 4579 saerillcio
1335 4538 1385 4594 per
1407 4523 1466 4579 dies
1489 4533 1593 4593 septem
1618 4524 1745 4590 aberant,
1758 4526 1823 4585 dunt

178 4600 262 4665 apolus
275 4597 407 4653 conuenit
420 4606 529 4652 mutem.
538 4592 591 4649 Alii
605 4609 636 4649 ac
647 4593 713 4649 edit.
730 4594 800 4650 inter·
814 4608 843 4649 sc
857 4608 974 4649 eurrscn-
1026 4594 1132 4665 plenius
1142 4594 1334 4667 mysteriorum
1345 4594 1500 4664 cognitione
1512 4595 1824 4657 interannuntiantem

181 4672 266 4736 tinet,
288 4668 342 4725 nisi
364 4669 436 4737 quod
457 4682 506 4753 prro
522 4668 554 4749 Ιιιι
574 4682 711 4737 processu,
732 4666 810 4737 pauci
836 4665 927 4737 legunt
946 4666 973 4719 ia
1025 4667 1188 4749 praeeipuam
1205 4666 1304 4751 priscis
1319 4665 1371 4751 illis
1384 4665 1654 4750 antistitibuseuram
1675 4667 1758 4725 iniisse
1779 4686 1824 4727 re·

181 4738 692 4882 Wldditim,edddr'tt¹ddmled:did
714 4811 821 4882 perlecti
841 4808 976 4879 splendori
1026 4753 1092 4879 zplnaes
1112 4739 1822 4878 gpipltsrztgztgieplrlrstcrgpffldpugppppprlponntpzpplppggn

181 4886 355 4955 decerperent.
1028 4882 1185 4937 draconun
1205 4880 1324 4936 homiliae
1348 4882 1374 4936 iu
1398 4881 1493 4937 diebus
1517 4882 1668 4952 paschatis.
1688 4893 1716 4937 et
1731 4883 1824 4952 plures

220 4956 314 5041 ‘an
338 4955 416 5027 edit,
434 4952 534 5029 dependi
553 4970 628 5011 ιιιιιιιι
647 4952 784 5010 addiscent
798 4969 808 5009 .·
820 4955 857 5009 lta
871 4969 919 5009 nos
929 4954 977 5007 bu-
1029 4951 1176 5025 Augustini
1191 4968 1343 5021 sermones,
1352 4952 1480 5037 nimirum
1500 4953 1563 5021 lt'l,
1578 4954 1641 5019 lau,
1653 4952 1708 5009 260
1722 4964 1750 5009 ct
1768 4956 1824 5012 ede

177 5030 310 5155 putaram,
325 5038 391 5155 deicit.
407 5106 434 5154 et
446 5112 512 5153 mss.
532 5112 586 5155 non
600 5098 678 5171 pauci
693 5098 777 5154 verbo
799 5098 915 5165 doceret,
931 5094 980 5151 ad·
1029 5023 1823 5169 deditisndldimrsrgiibdsml'iddsigsaudseecddddblradieitisflgesdresrda‘d:

182 5172 253 5230 dant
264 5188 317 5226 nort
329 5170 512 5245 pluralitatem.
1030 5170 1140 5240 martum
1156 5168 1220 5223 lacit
1233 5183 1240 5222 ι
1256 5167 1335 5221 Nunc
1349 5169 1383 5222 de
1395 5170 1532 5240 mysteriis,
1548 5169 1647 5239 irrigarit,
1660 5168 1745 5222 dicere
1758 5179 1824 5224 tern-

220 5244 329 5299 tllom.
353 5242 420 5299 edit.
443 5243 502 5298 aeci
519 5241 745 5315 santificationis,
762 5240 853 5299 subdit
868 5240 979 5299 verbam
1031 5257 1080 5314 pus
1107 5239 1245 5305 admonet,
1260 5249 1336 5311 utque
1356 5243 1439 5308 ipsam
1461 5250 1681 5295 sacramentorum
1698 5241 1827 5296 rationem

184 5326 319 5375 ωιιιιιιιι.
1031 5312 1106 5367 edere
1118 5327 1127 5366 .·
1139 5328 1217 5383 munt
1230 5322 1289 5367 unte
1305 5312 1462 5383 brepsirmum
1480 5314 1502 5366 si
1515 5325 1677 5383 pruotsernut
1689 5312 1826 5369 intuam-

222 5386 353 5445 ¹¹Eadem
377 5387 456 5443 liunt.
493 5386 571 5455 edin,
595 5384 861 5459 perpetientem
885 5392 979 5439 estaol
1032 5384 1095 5440 dum
1108 5384 1222 5437 trundum
1238 5384 1358 5453 initiatis,
1371 5384 1513 5447 prodidisse
1524 5384 1700 5455 perincertum
1714 5384 1827 5440 edidisse

185 5470 274 5517 nemen
288 5461 375 5515 die...
394 5468 547 5526 smtstueet,
563 5460 716 5529 pleinteim,
731 5472 784 5513 otc.
1031 5457 1227 5512 evisceremus.
1248 5454 1346 5511 Libros
1360 5470 1467 5527 natique
1494 5455 1526 5509 ds
1549 5455 1827 5524 sacramentaneus

226 5532 232 5569 ι
250 5532 393 5600 Quodnam
409 5532 443 5587 sit
464 5532 529 5585 illud
555 5530 732 5597 sacrificium,
757 5530 908 5602 Baptismus
926 5545 979 5582 nun
1030 5540 1074 5583 aur
1091 5527 1228 5584 Ambrosii
1243 5538 1292 5581 aut
1309 5527 1405 5584 saitem
1422 5527 1544 5595 ejuratam
1556 5528 1609 5582 aeri
1621 5526 1741 5583 arreturis
1763 5541 1827 5583 esse

185 5602 320 5673 operm
331 5606 382 5659 nisi
393 5612 510 5661 salmam
524 5601 701 5674 inprederetur
712 5602 796 5668 diersa,
816 5600 889 5657 haud
902 5600 981 5657 facile
1031 5601 1059 5655 in
1079 5599 1207 5657 crsrrlmso
1218 5609 1271 5665 est,
1286 5599 1320 5653 ad
1331 5598 1530 5669 neophytorum
1541 5614 1652 5669 gregem
1665 5598 1825 5664 prurientia·

186 5677 258 5747 apard
276 5678 402 5748 antluucs
425 5676 556 5747 reperias.
591 5672 781 5731 bildenltatem
803 5690 870 5729 aero
899 5674 981 5729 etiarn
1032 5682 1075 5727 tus
1088 5670 1172 5725 luisse
1189 5670 1304 5738 probant
1315 5672 1365 5727 ista
1379 5686 1412 5727 ex
1428 5670 1475 5723 lib.
1491 5685 1518 5736 v,
1533 5667 1758 5740 capdzduudet
1777 5668 1828 5725 lie-

186 5748 253 5805 illud
276 5758 371 5820 auget,
385 5750 457 5819 eamd
478 5758 583 5803 cenum
594 5756 637 5802 est
651 5744 849 5803 linebaristiam
871 5742 984 5800 initialis
1032 5743 1113 5799 ciseio
1125 5743 1157 5797 dc
1168 5742 1342 5813 redemptione
1353 5742 1503 5807 aradiorum,
1518 5751 1633 5797 creature
1642 5742 1691 5797 sibi
1699 5739 1827 5811 [amilium

187 5809 279 5876 statim
311 5828 354 5876 est
364 5826 503 5890 acceptum
519 5820 651 5889 baptisma
662 5817 848 5874 administrari
861 5817 924 5871 olim
940 5830 984 5870 so·
1034 5813 1203 5871 condideram
1217 5814 1329 5886 spirituli
1344 5814 1513 5873 exsultatione
1527 5812 1640 5870 letatur.
1651 5813 1718 5867 Cum
1728 5810 1767 5865 illi
1778 5811 1830 5869 de·

189 5890 276 5949 litera.
289 5836 416 5950 dttameu
431 5906 493 5949 cunr
516 5890 676 5949 Ambrosius
690 5889 736 5947 bic
749 5904 804 5948 nou
819 5891 853 5948 de
867 5884 984 5960 simplici
1036 5902 1112 5945 mum
1136 5886 1324 5945 instructiores
1350 5884 1411 5944 iacti
1434 5892 1541 5955 esseut,
1556 5892 1614 5941 tum
1629 5882 1691 5941 illes
1713 5879 1831 5942 oblatio·
