4075 6359
287 261 355 320 4454
970 246 1092 308 Sleill
1110 246 1273 308 ffliloell
1893 235 1944 292 ilii

288 377 448 452 president
468 376 558 434 lutura
576 373 705 446 supplicia
726 379 918 444 peccatorum,
931 365 1317 442 petendamAabuodantia,
1345 371 1393 428 ubl
1415 371 1559 441 Christum
1594 382 1630 431 ιιι
1660 387 1751 429 mcor
1776 369 1895 427 bumana
1915 389 1947 428 re

288 469 436 528 annuntiet
456 467 653 543 poenitentism.
669 463 868 522 Demonstravit
881 461 955 520 buuc
973 461 1083 519 oculum
1137 457 1206 531 pleri
1219 462 1322 535 cupiat.
1337 461 1393 520 iius
1410 465 1468 522 sitit
1482 481 1569 539 aquas
1590 481 1724 535 cerrus,
1740 480 1817 538 quas
1839 482 1899 521 rom
1916 467 1946 520 ιι·-

286 564 413 636 Baptista
430 560 547 619 ioannes
559 559 651 617 dicens
667 577 674 614 :
690 555 829 614 Guserctic
847 555 994 629 uiperurrtnr
1006 597 1013 620 ,
1026 556 1086 629 qais
1137 551 1224 622 berit,
1238 553 1318 612 sitire
1331 571 1387 613 oon
1400 559 1496 628 possit.
1508 559 1566 616 llas
1579 575 1677 633 aquas
1692 560 1791 617 sitivit
1804 559 1945 630 Proplteta.

289 656 404 713 ostendit
415 655 484 710 coiis
494 655 582 726 inque
594 649 625 705 ci
642 650 682 706 irc
694 649 823 704 uenturo?
837 643 929 704 Facite
954 663 1016 722 erqo
1029 651 1088 718 iret·
1136 662 1200 704 cum
1214 647 1304 706 disits
1320 649 1409 707 Sitirit
1422 652 1451 708 iu
1469 662 1494 708 te
1513 656 1605 710 ummo
1625 671 1691 710 rrsea
1714 656 1727 727 (
1736 651 1821 710 rut.
1842 669 1903 717 scr,
1915 654 1947 726 ij.

290 759 348 807 ctus
360 750 454 822 diqrroe
465 741 712 820 poenitentiolam
727 756 771 811 ιιι,
786 741 801 796 i
817 750 841 798 et
855 740 895 812 8).
917 740 958 797 et
983 739 1087 810 baptis·
1137 739 1222 799 Sedet
1234 756 1301 816 erqo
1321 743 1447 802 Christus
1466 761 1550 820 super
1569 747 1790 816 abundantiam
1812 764 1948 818 aquarum,

288 857 362 898 mum
378 840 448 898 enim
463 837 575 896 ioannis
599 835 742 904 seniebat,
764 837 811 906 qni
836 832 955 890 babebat
975 833 1085 890 oculum
1137 844 1165 894 ct
1186 851 1269 910 super
1291 839 1498 912 plenitudinem.
1512 851 1526 881 1
1541 843 1576 899 lit
1590 843 1658 900 ideo
1676 844 1729 916 qui
1751 843 1947 916 baptizaturis

287 934 483 1007 suppliciorum
499 949 506 987 ι
522 931 556 987 ad
569 928 674 986 Christi
694 936 785 984 autem
808 925 969 998 baptismum
989 927 1085 996 seuit,
1138 930 1220 998 lacte,
1235 930 1302 988 dicit
1321 951 1329 988 ι
1351 931 1386 989 lit
1399 950 1447 990 nce
1461 935 1596 992 enneade
1609 935 1798 1010 plenitudiue
1815 937 1876 1010 ejas
1892 953 1949 992 ecce

285 1028 330 1100 qui
346 1025 555 1094 videtgrutium.
570 1022 620 1080 liic
634 1022 707 1079 enim
728 1021 824 1078 oculus
838 1030 975 1093 estquem
992 1019 1085 1076 Domi·
1144 1025 1232 1096 pirum
1247 1024 1339 1099 (ictu.
1354 1043 1380 1095 t,
1403 1029 1460 1104 tu).
1476 1029 1555 1088 linde
1575 1041 1604 1088 et
1628 1031 1738 1088 oculus
1762 1032 1948 1104 supplicium

285 1123 355 1178 uice¹
366 1119 503 1194 passionis
517 1120 613 1175 urnlua
627 1127 718 1174 tuetur
738 1125 766 1174 ιι
776 1117 906 1190 protegit.
924 1117 1004 1174 Aliud
1019 1130 1088 1188 erqo
1140 1134 1196 1175 non
1218 1119 1326 1179 alienus
1350 1130 1393 1179 est
1416 1123 1451 1181 ab
1473 1124 1611 1193 Ecclesia;
1625 1126 1695 1196 quia
1719 1125 1784 1184 etsi
1811 1125 1949 1196 baptiulu

285 1211 406 1281 Euuun,
423 1211 496 1268 uliud
520 1210 584 1268 Ain.
608 1211 638 1268 ln
665 1210 762 1268 Enuon
790 1211 942 1282 nuntientur
960 1208 1089 1266 conscius
1138 1211 1261 1272 loannes
1272 1213 1300 1271 io
1315 1215 1424 1283 Ennon,
1439 1216 1596 1290 baptizabat
1607 1219 1693 1291 justa
1709 1219 1833 1288 satim,
1849 1220 1895 1276 nbi
1906 1233 1948 1275 erc

283 1307 411 1377 grauium
426 1305 586 1362 delicturum
604 1306 672 1377 :qui
686 1315 777 1362 autem
796 1319 893 1376 purum
908 1303 1018 1360 oculum
1036 1301 1087 1358 ita·
1139 1320 1270 1378 uquarum
1282 1305 1460 1378 abundantia,
1474 1310 1619 1368 duodecim
1641 1313 1765 1379 iontes,
1792 1321 1828 1370 ιι
1852 1325 1945 1384 septas

284 1399 342 1464 bet,
358 1397 475 1470 qratiam
487 1397 601 1468 suscipit
614 1397 778 1470 spiritalem.
795 1395 830 1453 lit
844 1393 1013 1468 imperfecte
1030 1393 1087 1450 lut·
1139 1400 1213 1474 qinta
1228 1399 1383 1459 Palmarum
1399 1406 1511 1462 arbores
1526 1405 1616 1481 (icon.
1634 1423 1684 1476 ιιι,
1700 1407 1773 1482 25).

286 1504 361 1551 tasse
374 1495 475 1549 unimus
489 1492 586 1549 oculus
607 1491 803 1564 suppliciorum
816 1500 859 1547 est
879 1507 886 1545 :
906 1489 1013 1564 1176
1025 1503 1089 1560 pcr-
1174 1493 1222 1550 22.
1243 1494 1300 1552 llos
1311 1495 1402 1555 iontes
1418 1499 1500 1556 habet
1513 1501 1654 1568 Ecclesia,
1670 1501 1731 1558 buc
1748 1512 1821 1572 est,
1837 1503 1867 1558 in
1881 1506 1946 1558 retei

287 1585 368 1642 lectu)
382 1596 474 1642 aulem
491 1585 584 1641 ocultis
607 1586 755 1656 gratiarum
771 1592 814 1641 cet
828 1581 924 1657 purior
936 1593 1018 1654 alque
1029 1581 1088 1637 siu·
1140 1587 1317 1647 Tolumnio
1327 1589 1470 1650 duodecim
1490 1593 1682 1664 patriarchas,
1700 1604 1733 1651 eq
1753 1595 1786 1651 jn
1803 1610 1883 1653 mm
1896 1595 1946 1651 du.

288 1680 397 1748 ccrior,
424 1678 470 1752 qul
485 1677 655 1751 siqnilicatur
673 1676 724 1734 bac
737 1676 848 1746 littera,
870 1675 905 1731 ad
928 1690 1009 1746 quam
1022 1673 1089 1747 justi
1140 1681 1231 1740 decim
1251 1683 1402 1757 apostolos.
1425 1683 1544 1758 ideoque
1563 1686 1669 1744 dictum
1689 1696 1737 1743 est
1756 1706 1766 1744 ε
1783 1687 1826 1744 iss
1850 1688 1947 1744 &teir

286 1771 374 1831 iorma
386 1773 528 1845 diriqitor;
540 1773 602 1844 qnia
614 1771 774 1844 inperfecta
787 1771 890 1843 peccati
902 1768 1089 1826 tantummodo
1103 1776 1322 1851 Bienedtenmns
1333 1777 1474 1834 bominem
1486 1777 1571 1835 dmm
1582 1777 1614 1835 de
1627 1781 1750 1852 [ontibus
1766 1779 1866 1838 leuet
1877 1781 1944 1854 (Pru.

284 1867 418 1939 iudicium
434 1867 573 1925 declinare
587 1865 738 1932 desiderat,
751 1865 872 1937 perlecta
884 1877 949 1920 tero
960 1861 1088 1919 meritum
1142 1887 1230 1940 nup,
1243 1873 1302 1945 27).
1319 1872 1367 1930 llis
1382 1872 1501 1931 lontibus
1511 1883 1576 1931 ante
1589 1873 1776 1947 perfunditur
1786 1879 1945 1950 quicunque

285 1961 365 2034 requi
383 1949 508 2019 ccelestis
521 1960 676 2045 acquirere.
698 1958 895 2016 Praesumimus
911 1967 1002 2014 tamen
1016 1953 1090 2028 quod
1141 1963 1243 2022 christi
1257 1967 1387 2039 ‚nyssena
1403 1976 1578 2024 sacrosancta
1591 1969 1803 2040 conoeqquu
1822 1972 1872 2026 Μ
1891 1971 1943 2026 0252

287 2054 621 2126 1111111111111111111111111111
636 2054 727 2110 11111111
742 2050 1092 2123 4111θ11ι11111111111111114·
1142 2059 1230 2116 lones
1244 2073 1279 2116 es
1292 2067 1398 2117 ιιιιιιι
1417 2059 1494 2117 ionte
1514 2070 1677 2128 manantes,
1695 2069 1762 2119 totu
1776 2061 1857 2120 orbe
1875 2064 1941 2119 iisse

287 2149 453 2223 pliciorum‚
470 2158 498 2206 et
512 2148 621 2205 oculum
642 2147 738 2220 qratia
753 2164 761 2202 ι
778 2147 878 2201 lterum
898 2143 1011 2202 oculum
1027 2156 1092 2215 sup·
1143 2159 1216 2208 mnu,
1235 2150 1287 2209 unt
1299 2151 1345 2208 inq
1358 2149 1459 2221 sem,
1473 2151 1512 2210 qq
1525 2153 1651 2210 mensi„
1664 2154 1851 2212 mamm,
1861 2155 1943 2229 u„

289 2245 451 2317 oliciorum.
465 2245 607 2301 uexerunt
627 2242 739 2315 scottus
754 2241 819 2313 quta
833 2255 888 2297 con
905 2255 921 2295 a
941 2238 1032 2312 prino
1043 2237 1093 2294 10-
1144 2246 1362 2319 uentqnesntn
1373 2247 1546 2320 interereunt
1561 2257 1636 2317 suut,
1647 2248 1748 2322 ipsun
1759 2253 1941 2306 amena.

289 2338 379 2395 mines
393 2344 506 2409 possunt
521 2351 582 2394 esse
596 2335 725 2408 perlecti,
742 2333 790 2392 sed
802 2347 852 2406 per
867 2345 1025 2405 processum
1038 2330 1093 2387 rir-
1143 2337 1193 2396 1110
1204 2339 1279 2397 enlm
1300 2353 1365 2398 me
1386 2340 1525 2410 mnan,
1541 2341 1587 2412 qus
1608 2343 1722 2414 propria
1737 2354 1866 2416 pm„
1881 2345 1942 2414 ,ιφ

291 2434 358 2490 tutis
369 2431 532 2490 ascendunt.
546 2434 618 2490 dnte
629 2431 711 2504 igitur
723 2444 891 2502 unaqueque
904 2427 996 2485 anima
1013 2426 1093 2499 qussi
1144 2432 1195 2488 nit.
1220 2431 1277 2489 lloc
1300 2432 1383 2505 iqitur
1405 2435 1492 2490 uerbo
1507 2433 1700 2506 purilicatoriae
1726 2435 1941 2493 sanctificationi

290 2526 326 2584 ad
342 2526 506 2600 baptismum
531 2524 644 2583 loannis
668 2526 761 2591 renit;
782 2532 812 2580 ut
835 2524 982 2594 promittat
1003 2520 1093 2593 pteui·
1144 2538 1211 2582 usus
1223 2525 1397 2597 exprimitur.
1413 2524 1492 2584 liudc
1504 2527 1589 2584 ctiam
1602 2527 1718 2585 beneio
1730 2527 1868 2587 Cantieis
1882 2530 1941 2586 ciri

291 2623 407 2680 tesrtiaru
428 2620 591 2680 delictorum
613 2627 663 2678 :et
686 2620 713 2676 in
739 2632 869 2692 processu
893 2614 1023 2690 punierim
1047 2613 1094 2670 ubi
1145 2627 1204 2676 stus
1217 2619 1283 2676 dicit
1296 2619 1332 2677 ad
1346 2619 1499 2678 Ecclesiam
1518 2639 1525 2675 :
1544 2619 1638 2677 Dentes
1652 2621 1691 2676 tsi
1704 2622 1779 2678 sicut
1790 2641 1862 2695 pm
1876 2635 1941 2680 toas

290 2727 402 2790 peccata
416 2733 464 2775 sua
479 2715 637 2784 defleverit,
653 2714 768 2787 spiritali
791 2713 885 2770 abluta
909 2711 1093 2783 baptismate,
1145 2727 1215 2780 rum,
1225 2727 1283 2785 quo
1296 2713 1467 2770 oremdmtst
1486 2712 1633 2781 obscero,
1647 2728 1708 2784 ιιι
1727 2731 1826 2772 omnes
1840 2717 1940 2788 pendis

291 2811 396 2869 Cbrlsti
417 2813 518 2884 accipit
540 2819 751 2867 sacramentum.
778 2806 859 2864 Unde
884 2805 992 2863 ridetur
1012 2813 1041 2861 et
1066 2803 1094 2859 in
1147 2815 1252 2873 creent,
1266 2814 1290 2861 et
1303 2807 1507 2879 intimationem
1520 2807 1648 2862 satieris
1662 2803 1756 2879 (cest.
1770 2822 1816 2877 rr,
1830 2807 1940 2883 filliam

290 2903 411 2962 Canticis
424 2903 600 2960 (leuticorum
613 2901 738 2959 Ecclesia
750 2899 901 2972 predicari,
913 2899 957 2954 cni
968 2898 1071 2953 dicitur
1085 2913 1092 2950 :
1146 2897 1239 2971 speeie
1254 2906 1334 2956 tenus
1344 2899 1379 2957 de
1393 2901 1483 2973 capris
1492 2898 1603 2969 dicitnr,
1615 2900 1733 2973 mmdce
1745 2910 1849 2958 autem
1863 2902 1898 2959 de
1907 2901 1939 2957 ic

294 2995 346 3054 Cor
370 3006 487 3052 trostrum
510 2995 620 3068 cepisti,
634 3010 709 3050 soror
721 3009 778 3048 mec
791 2991 905 3065 Sponte,
920 3007 965 3047 cor
979 3001 1096 3046 nostrum
1146 2993 1239 3051 clesitc
1251 3009 1344 3066 qreqe.

296 3091 387 3164 cepisti
401 3095 454 3146 stlte
476 3089 507 3145 ci
521 3089 606 3145 oculis
620 3088 671 3144 tuis
686 3083 776 3159 (Curat.
788 3101 824 3152 rt,
840 3084 882 3156 9);
896 3094 926 3140 ιιι
937 3085 988 3141 istc
999 3083 1096 3140 oculus
1182 3086 1231 3146 23.
1250 3087 1305 3147 llec
1322 3090 1387 3147 silis
1401 3088 1452 3146 tibi
1464 3088 1613 3146 rideantur
1626 3088 1679 3146 ista
1700 3087 1855 3147 animalia.
1879 3089 1940 3146 {teu-

294 3184 391 3257 qratia
412 3185 465 3251 sit,
481 3185 528 3255 qui
548 3182 650 3239 Christi
671 3181 723 3239 sibl
747 3180 899 3253 pleniorem
921 3179 1133 3253 acquisiveritc
1148 3197 1203 3255 qne
1215 3183 1278 3240 audi
1292 3199 1354 3256 quse
1366 3183 1402 3240 de
1419 3182 1463 3239 bis
1475 3190 1587 3240 sanctus
1602 3181 1725 3253 loquitur
1745 3179 1938 3253 spiritumet·

293 3276 467 3336 charitatem.
1053 3320 1056 3327 .
1148 3275 1418 3344 piliumeutstmtusm
1434 3285 1463 3332 ιιι
1485 3291 1550 3348 pree
1573 3286 1725 3343 ιιιιιιιιιιιι,
1751 3291 1818 3346 qua
1839 3276 1939 3331 renue

332 3372 379 3430 2⁰.
400 3373 528 3445 Plerique
543 3381 633 3430 tamen
649 3371 703 3427 ltoc
715 3370 778 3426 ioco
790 3369 929 3442 accipiunt
941 3369 1010 3426 duos
1031 3383 1097 3427 ocn-
1146 3378 1208 3424 ιιιιιι
1220 3368 1452 3426 omonteGuloud.
1465 3369 1562 3426 ilestes
1574 3370 1613 3426 tei
1622 3377 1725 3442 nterea
1735 3376 1890 3436 ιιιιωιιιιιι,
1899 3383 1940 3440 pre

302 3472 346 3528 los
371 3470 500 3527 Ecclesiae
518 3487 525 3525 ι
547 3485 629 3525 unum
651 3468 697 3540 qui
713 3468 826 3541 mystica
849 3466 955 3535 uideat,
979 3465 1096 3532 alterum
1147 3466 1319 3522 escenderunt
1332 3466 1365 3522 de
1376 3465 1482 3522 lmecro
1497 3462 1641 3537 (Cusum,
1655 3462 1673 3518 4
1687 3473 1712 3519 ιι
1725 3463 1769 3537 7).
1787 3463 1873 3521 uides
1884 3463 1938 3536 quui

296 3566 342 3639 qui
355 3563 484 3628 moralia;
498 3577 531 3618 eo
545 3559 617 3634 quod
631 3570 725 3617 sancta
737 3559 857 3616 Ecclesia
869 3574 923 3616 non
936 3559 1024 3615 sulum
1038 3573 1098 3616 mu-
1148 3557 1177 3614 iu
1190 3558 1253 3616 altis
1266 3573 1334 3630 ques
1350 3557 1404 3614 iste
1418 3556 1558 3629 pascitur,
1580 3557 1669 3613 audax
1690 3556 1719 3613 io
1731 3567 1845 3616 monte.
1861 3557 1938 3628 ltaque

296 3659 396 3716 ralium
413 3656 764 3728 teneatdisciplinum,'sed
777 3653 859 3711 etium
870 3653 1098 3712 coelestisdoceat
1148 3650 1195 3707 ubi
1209 3651 1273 3708 aliis
1289 3650 1456 3724 precipitio,
1480 3650 1519 3708 ibi
1534 3651 1627 3723 capris
1648 3651 1754 3708 nullum
1778 3652 1936 3725 perimlon:

298 3759 408 3809 secreta
421 3750 555 3824 mysterii.
572 3749 652 3808 Unde
671 3747 774 3806 dictum
789 3759 831 3804 est
843 3747 877 3803 de
897 3765 928 3803 ea
943 3765 951 3803 z
964 3746 1041 3803 Oculi
1060 3749 1099 3804 tsi
1148 3744 1196 3801 ubi
1208 3744 1271 3802 aliis
1284 3745 1455 3818 periculum,
1467 3744 1504 3802 ibi
1518 3745 1611 3818 qreqis
1623 3743 1704 3816 buius
1718 3744 1902 3813 alimentum,
1911 3743 1936 3800 iii

297 3846 366 3902 sicut
378 3843 513 3906 columbe.
529 3856 604 3900 cetra
614 3843 816 3899 taciturnitatem
835 3850 907 3897 tuom
925 3839 1026 3906 titis..
1040 3841 1096 3914 l),
1148 3838 1227 3895 cibus
1250 3837 1373 3906 dulcior,
1399 3838 1436 3895 tut
1462 3837 1568 3896 tructus
1590 3837 1717 3895 electior.
1745 3838 1935 3911 Spectentort

299 3939 372 4014 quod
385 3949 413 3996 et
427 3937 586 4008 spiritaliter
599 3937 700 4004 rideat,
712 3947 739 3994 ιι
752 3937 858 3993 noterit
872 3945 979 4009 tempus
990 3935 1098 3992 tacendi
1149 3931 1306 4004 pastoribus
1319 3931 1378 3988 suis
1392 3930 1508 3990 dumosa
1526 3932 1562 3990 de
1576 3947 1644 4005 rupe
1661 3932 1841 4004 pendentes:
1859 3935 1895 3991 ibi
1907 3935 1935 3989 ls

293 4049 367 4102 esse,
382 4042 409 4091 et
424 4046 533 4104 tetsspus
553 4030 700 4104 loquendi;
716 4040 745 4087 ut
760 4034 785 4087 in
802 4039 924 4102 tempure
939 4043 1096 4087 sermonem
1149 4040 1248 4099 porum
1263 4025 1461 4082 iucussueessc
1474 4039 1532 4081 non·
1542 4033 1670 4097 possunt,
1684 4025 1722 4082 ibi
1733 4024 1862 4082 fecundae
1873 4027 1934 4082 arbe

295 4146 376 4190 surum
390 4129 529 4202 punierat,
545 4147 579 4186 ue
590 4129 796 4202 inoportunitate
807 4127 937 4201 loquendi
953 4137 1098 4200 peccatum
1149 4135 1195 4178 tes
1216 4120 1334 4178 lructum
1349 4121 1485 4193 integrum
1503 4119 1722 4178 subministrant.
1743 4117 1868 4177 Cernere
1886 4120 1934 4176 litet

295 4225 383 4299 possit
397 4227 548 4282 irrcurrere.
1149 4214 1228 4272 uberi
1241 4212 1454 4273 lactedistcutas
1462 4229 1544 4287 super
1556 4223 1678 4272 teneram
1690 4213 1816 4271 sobolem
1831 4223 1934 4270 matesc

332 4319 378 4377 tt.
400 4319 489 4376 Habet
501 4333 568 4388 erqo
583 4317 678 4374 oculos
693 4314 827 4373 columbas
840 4315 873 4371 ad
889 4315 1098 4373 similitudinem
1150 4308 1252 4379 illeille
1272 4306 1412 4364 sullicitis·
1436 4306 1502 4365 Ideo
1524 4307 1608 4380 elegit
1630 4321 1678 4364 ets
1699 4305 1821 4380 Spiritus
1842 4315 1934 4364 sancto·

295 4409 416 4478 ctutum
432 4412 495 4484 quta
511 4421 539 4468 ιι
554 4412 589 4468 de
602 4411 664 4483 ipso
678 4410 777 4466 tectum
795 4419 860 4467 est:
877 4406 954 4465 ocuti
975 4410 1012 4465 rut
1032 4411 1100 4466 sunt
1149 4402 1250 4474 quinus
1262 4411 1363 4459 coctum
1377 4401 1547 4458 uenerabilis
1564 4400 1695 4458 Ecclesiae
1709 4411 1893 4473 conpararet.

296 4502 422 4560 cotnmtae
442 4519 520 4573 super
534 4503 723 4560 abundantium
741 4518 867 4576 equorum
888 4501 949 4558 lotoe
965 4502 994 4557 itt
1016 4501 1097 4569 iuete,
1185 4495 1232 4550 24.
1254 4496 1288 4551 Et
1306 4503 1336 4552 ut
1355 4495 1471 4570 mystice
1483 4493 1600 4552 nudus:
1621 4494 1847 4567 capillamentum
1869 4493 1934 4550 terli

294 4595 409 4654 sedentis
422 4611 499 4668 super
512 4597 700 4668 plenitudinem
715 4595 804 4669 (Cant.
819 4612 847 4664 v,
863 4594 919 4670 tt).
933 4595 1056 4671 baptizat
1071 4597 1098 4653 in
1111 4595 1139 4657 1)
1150 4600 1194 4648 est
1210 4590 1326 4647 altitudo
1340 4602 1368 4648 et
1387 4589 1535 4647 eminentia
1549 4589 1675 4661 quasdam
1695 4588 1832 4660 justarum
1845 4589 1934 4646 sullus·

295 4687 370 4746 lacte
384 4685 534 4754 Dominus,
548 4687 575 4743 id
589 4696 648 4752 cst,
671 4688 698 4744 iu
719 4690 889 4745 sinceritate.
914 4688 948 4745 Et
964 4690 1008 4745 isti
1032 4699 1099 4744 suun
1150 4698 1228 4752 rum,
1251 4683 1381 4754 quonium
1403 4696 1503 4772 sensns
1520 4682 1654 4753 sapientis
1674 4681 1701 4737 in
1720 4681 1813 4752 capite
1827 4682 1893 4755 ejus.
1913 4679 1934 4734 ln

234 4825 237 4831 .
296 4783 343 4854 qui
360 4794 424 4836 rere
437 4779 650 4852 baptisuntnrin
663 4778 744 4846 lacte,
760 4779 878 4852 quisine
892 4781 1095 4848 dolocredunt,
1149 4775 1295 4834 altitudine
1304 4776 1377 4832 cuitu
1392 4775 1568 4847 cogitationis
1578 4773 1707 4831 laumense
1717 4784 1823 4832 eertum
1837 4785 1935 4833 estesse

297 4883 326 4932 et
340 4887 436 4946 puram
453 4873 533 4928 iidem
553 4870 696 4940 deterunt,
714 4879 744 4926 ut
758 4872 961 4928 immaculatam
982 4867 1098 4930 irnlnaut
1150 4870 1326 4942 sapientiam.
1342 4870 1376 4925 Et
1389 4868 1619 4940 quemadmodum
1632 4866 1784 4925 tondentur
1796 4884 1899 4941 capre,
1913 4877 1936 4922 ut

295 4965 422 5037 qratiam.
435 4963 499 5022 ldeu
509 4962 625 5020 candida
636 4964 744 5036 Sponsa
757 4962 883 5021 ascendit
892 4963 926 5020 ad
939 4963 1095 5033 Christum
1151 4964 1289 5038 superflua
1309 4963 1471 5036 deponant:
1491 4964 1529 5020 ita
1544 4963 1628 5020 ctiam
1641 4971 1782 5020 tonsarum
1798 4964 1934 5021 animarum

296 5062 359 5131 qula
374 5061 400 5114 in
414 5059 483 5115 lacte
504 5057 640 5129 baptizata
659 5067 711 5115 est.
726 5054 790 5115 iden
805 5058 939 5114 mirantur
958 5073 1018 5116 cant
1037 5059 1098 5115 Vir·
1150 5074 1274 5131 gregem,
1290 5059 1343 5116 boc
1353 5065 1406 5127 est,
1418 5058 1566 5115 multorum
1579 5057 1733 5115 animarum
1743 5056 1936 5116 uirtutesbabet

295 5165 371 5210 sures
397 5164 424 5209 ιι
457 5151 630 5221 Ριιιιιιιιι,
654 5153 777 5209 diceutes
792 5171 800 5212 ε
816 5151 883 5220 Quo
906 5162 943 5208 est
967 5152 1022 5209 lutee
1041 5171 1099 5226 qne
1151 5161 1245 5209 sancta
1260 5151 1403 5222 Ecclesia,
1420 5153 1447 5207 in
1462 5167 1518 5223 quo
1531 5166 1614 5224 grege
1635 5149 1704 5208 nibil
1725 5151 1842 5223 possiet
1856 5153 1935 5209 insen

296 5243 414 5302 ostendit
432 5245 552 5301 dealbato
566 5243 656 5320 (Ceut.
672 5260 737 5314 ιιιι,
752 5244 802 5317 lt?
815 5249 887 5302 lule
902 5246 1041 5318 paululum
1054 5246 1098 5303 di·
1151 5247 1231 5304 sibile
1258 5247 1399 5318 reperire,
1421 5246 1490 5303 nibil
1519 5246 1704 5317 superfluum
1729 5247 1857 5319 qnoniam
1879 5247 1934 5302 ides

295 5338 393 5408 celat,
410 5337 496 5412 Niqro
518 5355 576 5395 rum
599 5336 687 5410 (Cant.
704 5355 729 5403 ι,
741 5338 770 5413 4)
787 5354 883 5396 :nuuc
901 5340 1025 5397 deultum
1039 5355 1099 5398 cer-
1151 5342 1291 5412 sapientes
1302 5339 1377 5410 lecit,
1387 5340 1519 5412 spiritalis
1528 5353 1618 5397 autem
1629 5340 1717 5410 qratia
1727 5340 1763 5397 ab
1770 5341 1842 5397 omni
1852 5355 1933 5413 supcr-

296 5431 392 5499 nitur,
416 5440 445 5488 ct
466 5430 589 5488 ascendit
601 5432 636 5488 ad
651 5431 763 5502 coslum,
779 5441 807 5489 ιι
819 5433 910 5490 ἰιιιιίιι
927 5432 975 5490 4)ιί
989 5432 1098 5502 Verbo,
1151 5433 1268 5491 fluorum
1281 5432 1343 5490 labe
1354 5431 1504 5489 mundarit.

294 5523 350 5583 alta
376 5525 433 5597 iam
458 5532 592 5597 penetrat.
622 5523 677 5583 llec
711 5526 846 5584 immerito
877 5525 934 5583 illic
966 5540 1097 5599 aquarum
1187 5527 1236 5586 25.
1255 5524 1592 5598 lleritoiqiturrcselutos
1611 5533 1676 5582 sunt
1690 5525 1930 5599 unimaejustomm,

332 5679 346 5708 1
364 5669 403 5725 Ιιι
424 5682 491 5724 mss.
511 5668 726 5738 quatuordecim.
750 5666 841 5723 Editio
862 5663 942 5721 Rom.
962 5665 1039 5736 solo,
1060 5663 1095 5721 Et
1149 5664 1225 5722 [inde
1238 5674 1263 5719 et
1276 5679 1323 5719 nor
1336 5655 1424 5720 ouanes
1438 5664 1471 5720 de
1483 5664 1874 5739 plmitudineejasuccepistus.

295 5739 354 5796 ideo
364 5741 410 5813 qni
425 5740 663 5815 repercussusque.
676 5738 818 5796 uttaeeun.
829 5747 856 5795 ιι
869 5738 923 5795 duo
938 5752 1004 5794 mss.
1020 5750 1096 5795 utra·
1182 5735 1197 5776 1
1218 5733 1383 5810 insensibile,
1398 5735 1489 5806 idest,
1505 5752 1614 5795 asenec
1627 5739 1759 5810 sapientis
1772 5737 1891 5803 alienum,
1905 5749 1929 5792 nt

296 5825 349 5883 que
363 5812 467 5871 omissa
481 5813 609 5888 lectione,
623 5813 682 5872 roci
697 5810 881 5886 plenitudinem
896 5809 1066 5884 subjungunt
1084 5829 1093 5865 ι
1147 5801 1203 5866 lota
1218 5810 1306 5866 series
1316 5803 1449 5865 o'ratibuls
1458 5804 1588 5867 dcclsral.
