4075 6359
250 271 322 334 idid
402 273 405 284 ’
931 259 1058 324 saltim
1075 259 1244 323 suonosrt
1834 258 1917 320 {Did-

248 387 308 446 Non
319 387 396 448 enim
408 401 460 444 nne
472 385 508 442 lla
522 383 653 443 Dominus
665 395 744 440 orare
755 380 902 449 docuisset,
928 390 958 438 ur
973 389 1049 452 pete-
1061 379 1090 446 Α
1100 381 1212 440 differre
1225 394 1375 454 pauperem
1389 380 1495 448 delres3
1516 381 1580 452 ania
1604 391 1716 454 semper
1738 386 1831 440 lecum
1849 391 1904 450 est,

249 495 344 538 remus
354 479 455 537 dimitti
470 477 549 536 nobis
562 486 654 532 nostra
671 474 772 541 debita,
783 473 834 530 nlsl
843 474 927 530 sciret
939 471 1051 530 dililcile
1105 494 1167 536 eum
1178 479 1227 536 tiit
1238 479 1374 549 Propheta
1388 478 1482 535 dicat:
1498 477 1542 534 rle
1555 477 1655 534 diarria
1668 478 1825 551 pauperi...
1839 476 1905 533 Grae

248 573 354 644 aliperus
366 572 426 632 iore
440 572 555 630 ldnneoa
569 567 720 626 debitores.
1101 573 1169 628 dein
1181 571 1274 644 (Pron.
1289 589 1330 638 ιιι,
1346 571 1395 645 iu)
1409 571 1423 626 l
1445 569 1500 630 eru
1514 571 1561 629 ilie
1573 572 1607 628 da
1631 571 1691 629 rnla
1712 571 1905 628 miaerleordia

283 668 330 728 35·
342 667 462 739 sedunis
473 674 515 723 ⁰⁸¹
528 659 982 735 202111ῡῦἱδῑθῆΰῑίΰψῑῑΰῦΰθίιθῑ,
997 655 1050 714 trial
1100 665 1210 723 loontna
1222 672 1267 724 est
1279 683 1286 723 ι
1302 665 1349 723 lrie
1359 672 1452 722 artem
1464 662 1666 723 misericordiae
1677 663 1759 721 idem
1773 664 1904 736 praetulit,

249 775 310 827 nos,
336 760 436 832 unibus
472 757 589 830 amplius
615 756 749 814 creditum
774 753 842 811 esti
865 751 923 810 lllis
945 750 1051 808 eredita
1101 774 1162 833 (μω
1175 769 1240 818 puna
1254 760 1339 818 papae
1352 761 1492 829 mmm,
1504 759 1529 817 ,ι
1541 758 1598 816 ιι),
1609 757 1797 829 prmum,
1809 756 1906 823 consp.

246 863 310 914 sunt
322 852 430 924 eloquia
458 852 516 922 Dei,
543 850 624 907 nobis
652 849 774 907 ereditur
801 855 895 920 partus
918 844 1048 917 Virginis,
1101 863 1189 913 nam,
1207 855 1393 912 ueremni..
1406 863 1566 928 „emim
1582 853 1632 909 eae
1648 853 1679 908 e.
1699 865 1796 925 mpura
1809 867 1904 918 mem,

247 949 335 1006 llabes
349 947 480 1005 talentum
496 945 617 1018 Virginis
629 955 738 1018 partum
756 961 764 1001 a
781 943 867 1001 habes
877 943 940 1000 idel
956 949 1051 1000 cente·
1100 950 1136 1006 ed
1149 949 1327 1021 sepeliendam
1338 949 1449 1021 raeseeit
1465 945 1577 1019 (lirul.
1591 961 1667 1014 arm,
1682 945 1740 1020 te).
1765 944 1827 1014 liae
1840 959 1906 1017 ergo

244 1043 482 1102 simnmlrnetum.
504 1041 632 1098 creditus
655 1049 698 1098 est
722 1039 883 1096 Emmanuel
904 1035 1049 1093 nobiscum
1100 1052 1269 1115 unguentum
1283 1041 1425 1108 Dominus,
1447 1041 1496 1098 sed
1517 1038 1680 1096 charimem
1702 1036 1809 1107 dilexit,
1824 1036 1906 1099 fidere

246 1135 328 1206 Deus,
341 1137 445 1215 credili
461 1133 568 1191 Domini
580 1148 658 1198 cilix,
673 1147 760 1200 litori,
787 1130 965 1189 resurreolio.
979 1127 1051 1185 ΕΗΙ
1102 1136 1431 1210 suscepi1,hnmilimem
1442 1135 1579 1207 probarit.

244 1226 434 1300 Girismspro
456 1227 583 1284 omnihus
604 1233 765 1295 passorem,
789 1239 841 1296 pre
866 1221 944 1280 nobis
957 1230 1049 1278 tamen
1136 1229 1183 1286 eu.
1200 1229 1233 1286 Ει
1247 1237 1276 1286 eu
1290 1229 1315 1286 ei
1329 1228 1610 1300 desiderasgratlam,
1633 1225 1794 1288 emunitatem
1816 1239 1903 1298 ange:

244 1320 402 1390 specialiter
413 1333 510 1393 paeane
524 1327 587 1386 eeu
601 1318 665 1390 qula
679 1332 730 1388 prn
741 1316 865 1374 Ecclesia
876 1329 983 1387 passus
995 1321 1049 1371 eet.
1102 1321 1181 1378 mitte
1193 1321 1221 1377 le
1234 1334 1337 1391 eorpus
1357 1320 1425 1377 lesu
1436 1319 1518 1379 iidem
1545 1318 1769 1383 reamrectionia,
1791 1317 1906 1374 odorem

244 1409 339 1484 ltaque
351 1427 408 1474 nott
420 1417 464 1470 est
475 1411 588 1470 dubium
611 1410 683 1484 quod
707 1409 768 1482 plus
793 1408 893 1467 debeat
914 1407 960 1480 nul
988 1405 1050 1478 plue
1101 1413 1245 1477 Ecclesiae,
1259 1413 1415 1472 communia
1435 1411 1582 1474 clraritatia
1603 1416 1796 1483 unguendi-3
1822 1409 1906 1468 etita
1961 1402 1967 1408 ’

243 1506 362 1578 recepit.
376 1503 572 1567 enecandum
586 1498 1050 1575 hominesplusiortasseeliendit,
1101 1505 1280 1578 progrediens
1302 1505 1418 1577 pauperi
1438 1503 1529 1562 datiis.
1550 1503 1619 1560 Diua
1643 1503 1692 1559 eiii
1716 1503 1832 1576 pecnnia
1858 1501 1905 1560 illa

244 1601 290 1671 eui
306 1598 367 1670 plus
382 1597 533 1660 debuerit:
554 1597 603 1654 sed
627 1613 677 1669 per
698 1595 915 1654 misericordiam
940 1595 1051 1650 Domim
1101 1599 1232 1670 proderit,
1248 1602 1340 1654 alnon
1366 1607 1505 1668 mesanam
1529 1595 1687 1653 ammentum
1714 1594 1833 1662 tribues,
1856 1593 1905 1652 sed

243 1706 326 1756 cause
339 1701 471 1758 mutetur,
485 1698 517 1748 ut
527 1689 644 1762 amplius
657 1689 752 1762 diligat
762 1685 1048 1761 pariampliusdeltuitr
1102 1700 1241 1765 empnam
1255 1690 1427 1764 prolaturam
1448 1689 1551 1748 clrrlml
1575 1689 1688 1749 nomina
1705 1688 1833 1760 largiaris
1849 1704 1858 1742 e
1881 1684 1905 1744 sl

242 1786 265 1845 ai
280 1794 370 1850 temen
384 1783 501 1856 gratiam
514 1788 708 1856 consequatur.
722 1781 844 1840 Gratiam
865 1781 937 1838 enlm
964 1787 992 1836 et
1001 1775 1049 1850 uui
1063 1801 1088 1864 B
1103 1787 1140 1841 ita
1153 1799 1214 1842 eam
1227 1783 1355 1842 conleraa
1369 1783 1496 1856 pauperi,
1518 1791 1549 1839 nt
1570 1781 1679 1840 deieraa
1705 1781 1828 1841 cartem
1845 1779 1906 1838 Nor

243 1879 344 1950 reddit,
361 1878 446 1939 tanen
460 1894 467 1931 :
483 1875 747 1949 erquilralretineo
773 1877 834 1946 ipse
856 1875 930 1947 quod
954 1873 1049 1942 hahet,
1101 1893 1169 1951 ergo
1181 1878 1258 1950 iaxta
1273 1879 1394 1936 litteram
1416 1877 1609 1934 tantummode
1634 1874 1754 1946 accipiar
1775 1871 1906 1946 superia-

244 1973 347 2040 solrit;
365 1981 379 2013 ⁸
394 1980 497 2034 namet
510 1971 651 2029 reddendo
665 1968 972 2034 lebetumetlaalrendo
988 1967 1050 2026 red·
1100 1985 1163 2028 snm
1178 1971 1261 2043 capiti
1275 1977 1443 2044 unguentum
1458 1987 1466 2026 ε
1491 1969 1660 2027 iitrernerrirra
1686 1967 1833 2040 redtulit
1843 1967 1904 2026 Ger.

123 2143 126 2150 Ι
242 2065 395 2141 arturius.
421 2068 490 2141 Aug.
516 2066 563 2125 tit.
588 2081 598 2125 r
623 2061 888 2132 deliramentum,
906 2060 1049 2136 eea..dl).
1101 2079 1144 2132 nr,
1160 2064 1217 2138 6);
1241 2065 1290 2123 sod
1312 2064 1700 2138 secundumepiritum,qaia
1724 2063 1838 2136 spiritua
1849 2063 1905 2121 rita

277 2162 325 2218 eo.
345 2159 455 2218 Etideo
478 2159 608 2232 quoniam
637 2157 705 2216 niill
731 2156 872 2228 estquod
898 2155 1051 2228 digneDen
1101 2167 1155 2218 est.

241 2253 350 2312 reterre
363 2253 509 2324 possimus,
523 2251 598 2325 (quid
611 2249 1049 2322 enimreieramusprnauseeplta
1136 2252 1183 2312 dd.
1202 2251 1283 2322 enei
1305 2266 1373 2324 erge
1396 2251 1477 2310 istius
1497 2249 1623 2309 mulieris
1648 2259 1819 2332 pngueatnm
1841 2247 1904 2305 esti

245 2349 353 2429 1300
364 2349 455 2405 carnis
470 2347 591 2418 iniuria?
618 2344 684 2416 guid
709 2357 759 2415 pro
779 2342 961 2402 uerberibus?
983 2341 1050 2414 puid
1100 2343 1168 2414 Quis
1183 2344 1345 2403 hocaudire
1362 2344 1477 2416 petest?
1491 2343 1560 2416 Quis
1585 2342 1747 2409 taleeaureu
1769 2342 1905 2411 ualeam

241 2457 291 2514 pro
304 2457 395 2507 cruce,
410 2443 498 2509 obilu,
512 2442 653 2512 sepultura
663 2439 688 2513 l)
701 2455 743 2499 rm
755 2439 821 2500 mitti
832 2439 855 2496 ri
868 2451 921 2499 nun
946 2435 1051 2496 dilere·
1102 2439 1211 2502 umente
1222 2439 1289 2498 iun
1304 2440 1417 2500 remen
1436 2439 1524 2512 uret,
1539 2439 1648 2510 aceepit
1666 2454 1682 2494 a
1701 2438 1796 2510 Perre,
1821 2438 1904 2497 immo

146 2528 149 2535 ’
241 2551 274 2593 ro
288 2536 296 2590 l
310 2535 405 2592 Audet
419 2534 530 2592 dicere:
546 2550 600 2592 non
612 2533 732 2594 reddidit
744 2531 853 2598 Petrne,
868 2539 898 2589 et
911 2529 975 2586 iden
989 2529 1051 2601 plns
1100 2532 1149 2604 gni
1160 2533 1221 2604 ipae
1234 2532 1357 2598 verium
1370 2543 1424 2602 ese,
1439 2533 1527 2604 possit
1540 2539 1643 2595 tanum
1659 2531 1785 2604 mysterii
1813 2530 1905 2592 altitu·

241 2626 350 2686 dilexis.
365 2625 425 2684 Non
440 2627 560 2686 reddidit
571 2626 670 2684 Paulus
681 2623 693 2682 i
706 2623 837 2684 Reddidit
849 2623 960 2696 quidem
976 2635 1051 2686 mere
1101 2626 1195 2687 dinem
1207 2627 1328 2698 capere?
1342 2627 1377 2686 Et
1389 2625 1516 2698 discipuli
1529 2640 1564 2686 es
1578 2634 1657 2696 parte
1670 2624 1838 2698 intelligunt,
1853 2624 1904 2684 elsi

240 2727 295 2778 tem
310 2730 473 2793 promorte,
488 2721 602 2780 sedulia
627 2735 682 2776 nnn
706 2719 848 2786 reddidita
871 2719 936 2791 guia
960 2717 1047 2780 multa
1102 2736 1158 2778 non
1172 2721 1433 2793 totumintelliganu
1448 2717 1904 2792 Diadeetpuidempntantdisisae
2017 2777 2018 2788 g

243 2815 369 2874 debedat.
386 2814 456 2869 Audi
469 2815 556 2886 ipsum
568 2814 706 2870 dicentem
731 2813 795 2882 prtia
823 2826 879 2868 nnn
904 2809 1027 2872 reddidit
1039 2825 1047 2869 ι
1101 2813 1251 2884 discipulos
1262 2816 1395 2886 unguenti
1408 2812 1677 2891 pretiolfflemi
1689 2811 1770 2870 iidem
1782 2812 1905 2885 gentium

243 2907 309 2974 Quis
321 2908 393 2978 prior
403 2908 475 2968 dedit
487 2907 539 2975 ilii,
554 2915 578 2964 et
603 2907 761 2967 retribuetur
773 2907 798 2962 ei
818 2906 908 2978 (Rem.
923 2920 963 2974 rr,
979 2903 1051 2978 diii
1101 2905 1243 2980 debuisse,
1255 2921 1318 2978 quae
1329 2905 1474 2979 sanguinis
1487 2905 1624 2968 Dominici
1640 2912 1744 2967 tantum
1757 2904 1848 2976 pretio
1858 2904 1905 2962 de·

245 2999 402 3063 Reddimus
412 2999 476 3056 lieet
489 3013 600 3059 crucem
617 3015 666 3070 pro
679 2997 863 3066 uncelenus
876 3012 927 3069 pro
940 2995 1049 3067 lunare,
1101 3000 1220 3060 iriam
1231 3015 1241 3073 ;
1251 2997 1324 3077 pund
1340 3000 1448 3073 ridetup
1460 2999 1622 3072 uerisimile.
1641 2998 1765 3070 Denique
1784 2998 1905 3068 loannes

242 3089 375 3160 numenio
389 3090 530 3150 reddimus
542 3090 616 3163 quod
630 3105 666 3148 ex
682 3091 754 3161 ipsu,
782 3099 809 3149 et
824 3104 873 3162 per
887 3091 999 3164 ipsum,
1023 3098 1053 3147 et
1102 3092 1280 3165 Euangeliou
1293 3092 1398 3163 inducit
1409 3091 1621 3165 sermoneiude
1634 3089 1773 3152 iscariotis
1786 3090 1904 3152 aestima·

246 3183 276 3240 in
291 3183 350 3258 ipse
363 3181 494 3254 hammus
511 3181 626 3244 emniai
654 3182 810 3250 Reddamue
834 3197 902 3256 erge
928 3198 1050 3242 amorem
1065 3193 1090 3262 c
1105 3200 1162 3248 tum
1176 3189 1309 3248 trecentis
1318 3187 1441 3251 denariis
1450 3188 1518 3259 illud
1530 3197 1710 3268 numentum,
1725 3186 1796 3252 sicut
1808 3185 1901 3244 haiae:

246 3291 297 3352 pru
325 3275 439 3349 debile,
466 3277 624 3346 charitatem
652 3293 701 3348 pro
726 3292 862 3344 munere,
888 3276 902 3318 b
934 3279 1049 3356 gratiam
1103 3280 1749 3348 Poruiieninauenumdariirecentiademordeat
1767 3278 1824 3343 dart‘
1833 3294 1900 3347 pou·

245 3383 297 3442 pre
308 3369 449 3440 sanguinis
461 3369 572 3442 petiae
595 3369 654 3442 plns
674 3369 748 3434 enim
763 3369 912 3442 diligerem
933 3369 1053 3440 ornatur
1102 3373 1439 3452 periermeniarum.
1464 3374 1599 3433 Trecenta
1624 3382 1718 3443 aulem
1735 3384 1788 3434 are
1808 3368 1899 3438 ¹erucis

247 3460 378 3534 amplier·
1103 3471 1214 3542 insigne
1225 3471 1368 3529 declarant
1383 3487 1391 3524 ι
1407 3469 1456 3530 sed
1467 3469 1600 3534 Dominus
1614 3483 1668 3533 non
1691 3463 1902 3540 perfunctoriam

282 3555 330 3610 el.
352 3554 407 3612 Sed
429 3563 599 3612 reuertamur
613 3555 647 3611 ad
671 3555 746 3612 illam
765 3556 948 3628 superiorem,
973 3557 1053 3629 cuins
1103 3566 1228 3640 mysterii
1238 3565 1440 3636 prescientiam
1453 3563 1562 3637 quaerit,
1576 3561 1625 3618 sed
1645 3559 1808 3638 consepeliri
1832 3558 1859 3614 in
1873 3571 1904 3634 se

247 3647 395 3706 consilium
406 3647 495 3707 adhuc
507 3663 559 3715 nec
572 3649 690 3720 aposloli
716 3649 881 3721 intelligunt,
906 3651 1053 3720 quoderat
1103 3658 1184 3729 fidem
1196 3658 1366 3722 medanum
1377 3657 1491 3718 planula.

248 3741 442 3804 absconditum
457 3743 591 3803 asmentia
605 3743 632 3800 in
656 3744 735 3801 Deo:
760 3742 825 3814 Quia
845 3746 916 3803 enan
936 3746 1054 3818 depuerit
1141 3751 1187 3813 51.
1207 3750 1236 3808 lu
1251 3761 1341 3821 tamep
1354 3748 1389 3806 de
1411 3758 1574 3812 caeterorum
1588 3747 1778 3820 apostulorum
1792 3745 1904 3804 uocibus

248 3854 352 3894 restrum
367 3834 474 3892 Domini
491 3834 865 3909 (idid.)icnnqnereliantnr
889 3853 954 3910 ergo
968 3836 1052 3906 disci.-
1103 3843 1303 3922 intelligimus:
1331 3841 1416 3910 dadas
1437 3849 1529 3904 aretem
1550 3840 1748 3905 condemnatur
1772 3836 1902 3906 avaritie,

248 3933 305 4004 puli
321 3932 385 4006 quia
397 3931 497 4002 mulier
511 3939 687 4002 supercepnt
707 3929 999 4003 effuditunguontum,
1026 3939 1055 3990 et
1105 3937 1152 4008 pari
1179 3936 1323 4014 pecuniam
1347 3935 1497 4001 Dominicee
1520 3934 1639 4009 praetulit
1666 3932 1835 4006 sepulturae,
1860 3930 1906 4004 qui

248 4027 443 4102 quaerebantur
456 4024 602 4094 dieentes:
630 4023 718 4090 Quare
736 4023 785 4080 lace
808 4025 847 4080 sic
871 4025 975 4095 periit?
999 4023 1055 4083 Po-
1105 4027 1214 4086 etiamsi
1224 4027 1258 4086 de
1268 4027 1395 4099 passione
1409 4027 1508 4100 sensit,
1518 4026 1621 4085 erravit
1630 4034 1684 4082 tam
1694 4040 1758 4098 cara
1768 4025 1904 4094 auctione:

251 4120 300 4177 tait
310 4119 380 4179 etnim
394 4118 550 4177 venumdari
560 4117 655 4188 pretio,
668 4125 692 4174 et
706 4116 765 4174 deri
776 4117 932 4190 pauperiem
941 4116 1053 4189 (linitis.
1103 4120 1150 4176 rili
1161 4121 1220 4179 uult
1233 4119 1362 4176 aestinmri
1373 4135 1402 4176 se
1414 4117 1552 4190 Christus,
1563 4129 1591 4175 ut
1603 4120 1637 4176 alt
1648 4117 1777 4193 omnibus
1786 4124 1905 4184 ematur,

249 4230 325 4282 aaut,
336 4212 377 4286 8).
391 4212 462 4281 Quid
473 4212 566 4283 utique
590 4212 765 4284 displicuerit
785 4210 895 4277 Gltristo
915 4213 942 4290 in
957 4227 1054 4287 eurum
1106 4229 1141 4270 ne
1154 4215 1214 4286 queis
1227 4228 1333 4288 pauper
1343 4213 1524 4269 deterreatur.
1539 4209 1638 4285 Gauii,
1652 4209 1749 4284 inquit,
1760 4209 1906 4285 accepistis,

247 4305 435 4376 sermonibus,
451 4320 505 4362 nnn
520 4303 625 4376 poteria
640 4302 861 4375 deprehendere,
885 4304 937 4369 pisi
952 4315 1054 4378 mpste·
1104 4307 1187 4378 pratis
1202 4305 1262 4360 date
1275 4303 1384 4382 (Metti.
1402 4320 1433 4372 x,
1447 4303 1487 4378 8).
1503 4303 1712 4374 Pecuniamnon
1725 4303 1825 4376 querit
1837 4301 1909 4360 diri·

251 4397 877 4470 risunintelligas31uauciosienimhominia,
907 4399 1055 4472 uelpotius
1107 4399 1205 4454 ciarum
1217 4397 1345 4464 altitudo,
1359 4397 1408 4455 sed
1422 4397 1548 4470 gratiam.
1564 4397 1690 4469 lpsonos
1708 4398 1831 4467 pretioso
1843 4409 1909 4452 san·

252 4507 306 4553 unna
319 4492 439 4554 Dominis
452 4500 495 4555 esi
513 4491 588 4550 olere
599 4499 776 4564 unguentum.
791 4490 873 4548 Certe
892 4499 920 4550 et
942 4491 993 4564 ipsi
1008 4493 1055 4564 nui
1105 4491 1190 4563 guine
1204 4490 1329 4558 redemit,
1342 4507 1397 4546 non
1410 4489 1543 4548 rerrdidit.
1556 4491 1594 4546 De
1614 4504 1668 4563 qun
1681 4489 1786 4561 plenius
1800 4485 1909 4544 dicere·

251 4586 338 4654 olent,
351 4601 454 4656 uergere
466 4602 509 4654 se,
525 4601 580 4642 ιιιιιι
595 4583 761 4656 periandere
778 4585 879 4642 solent.
892 4585 962 4658 Quid
986 4601 1054 4658 ergo
1065 4598 1094 4663 1)
1106 4600 1179 4653 mus,
1192 4585 1245 4640 nisi
1258 4600 1272 4640 a
1284 4584 1363 4640 nobis
1376 4584 1443 4656 ipsis
1456 4593 1599 4642 tractatum
1614 4583 1679 4640 alibi
1697 4581 1909 4640 recordaremur

252 4677 389 4750 displicuit
411 4678 473 4748 quiin
497 4676 600 4741 dietum
625 4685 669 4734 est
689 4695 696 4734 a
714 4675 805 4734 Potuit
827 4678 875 4746 isne
899 4678 1052 4742 venumdari
1105 4676 1175 4747 (iii.
1190 4693 1220 4732 ru
1234 4677 1487 4748 despiciamur,
1501 4693 1561 4752 cop.
1579 4677 1636 4749 tu).

252 4771 348 4842 pretim
358 4780 382 4824 et
397 4769 455 4828 dori
469 4769 623 4842 pauperibus
635 4769 743 4843 (deiris.
760 4785 826 4840 ssu,
840 4769 909 4844 lule
928 4769 1009 4832 Certe
1023 4780 1052 4832 ei
1138 4769 1183 4825 ei.
1198 4769 1271 4841 Ergo
1280 4769 1430 4826 sectandum
1442 4768 1515 4826 dicta
1529 4769 1648 4838 Domini,
1664 4767 1757 4838 ianne
1767 4777 1829 4831 runt
1847 4768 1910 4825 tire·

251 4863 310 4942 ipse
325 4877 405 4934 supre
425 4861 551 4921 dixerat:
567 4859 699 4932 Quidquid
711 4863 756 4918 uui
768 4863 933 4925 minimorum
957 4865 1051 4922 Dorum
1105 4864 1176 4919 suari
1188 4863 1355 4936 repienrioeet
1375 4864 1487 4919 scientim
1508 4860 1652 4919 absconditi
1672 4861 1783 4940 (Colore.
1806 4878 1837 4932 rr,
1865 4861 1909 4936 5),

254 4953 363 5031 seriatis,
374 4963 397 5010 ai
411 4953 475 5010 milri
489 4952 598 5023 fecialis.
611 4951 665 5010 Sed
688 4953 746 5026 ipse
761 4963 876 5015 mortem
899 4971 977 5016 mam
1001 4972 1051 5030 pro
1103 4972 1173 5029 quos
1186 4973 1265 5014 neum
1281 4960 1369 5028 potuit
1383 4957 1729 5030 praesumeremus
1746 4963 1858 5043 oportet
1881 4955 1911 5012 in

253 5043 419 5118 mulieribus
432 5042 573 5112 Offflltbll·
1103 5055 1268 5126 sepulturam
1283 5053 1363 5124 ejns;
1377 5063 1405 5108 ιιι
1417 5067 1481 5116 earn
1493 5053 1552 5124 eius
1565 5051 1743 5125 requievisse,
1771 5065 1825 5106 non
1845 5064 1913 5106 cor-

287 5139 333 5194 28·
354 5137 412 5194 N⁰¹¹
424 5146 466 5194 θὸῑ
481 5137 561 5208 ῑὸῑῑῦῑ
574 5137 691 5208 ὃῑῐΰΡΙθῑ
705 5137 807 5210 fisstlldi
820 5151 849 5197 θῑ
864 5141 925 5198 ideo
938 5158 1051 5214 respon·
1106 5151 1261 5222 ruptionem
1275 5149 1515 5204 vidissecredatur
1527 5169 1535 5206 a
1549 5157 1578 5205 et
1597 5163 1673 5205 mors
1696 5146 1822 5218 corporis
1846 5144 1913 5217 ejus

252 5232 358 5290 ditillis
373 5230 575 5288 Deillerlrnm:
598 5231 784 5300 Qraidmoleeri
803 5235 938 5291 ertialmir
958 5237 1052 5294 mulie·
1105 5243 1396 5303 itadotnumnestranr
1410 5237 1913 5312 moresmmmpleacmeealamns
2017 5287 2018 5290 ,

251 5327 276 5385 ri
290 5326 336 5380 2
374 5323 481 5399 Sennper
491 5340 617 5396 pauperes
631 5326 881 5400 traiciendarum,
907 5347 947 5387 me
966 5343 1052 5393 nutem
1105 5340 1167 5415 qrria
1181 5339 1208 5394 in
1221 5353 1318 5394 manus
1332 5337 1421 5394 Patris
1437 5336 1640 5394 commendauit
1662 5335 1793 5413 spiritum
1814 5349 1912 5405 suum,

252 5435 305 5476 aon
320 5433 419 5491 semper
433 5415 543 5490 (detti.
560 5434 635 5486 saar,
650 5420 686 5480 ld
709 5429 734 5478 et
761 5423 818 5495 lt).
842 5424 957 5497 Semper
985 5441 1053 5501 ergo
1105 5441 1166 5487 ern
1194 5437 1281 5486 nnnrte
1303 5439 1471 5502 sequestrata
1498 5427 1627 5488 divinitas
1646 5427 1832 5504 corporalium
1855 5442 1914 5502 nep

252 5523 341 5569 lecum
356 5524 501 5582 pauperem
518 5509 612 5579 Dones,
625 5521 652 5568 et
664 5511 727 5570 ideo
740 5513 862 5574 besem.
879 5517 949 5574 dura
967 5519 1052 5593 igitur
1105 5522 1189 5583 snlriil
1202 5523 1371 5583 consortium
1386 5525 1557 5595 passionum.

286 5699 299 5729 ¹
320 5687 447 5770 Narrrnulli
462 5701 545 5752 mss„
559 5704 618 5772 pent
642 5699 666 5744 et
685 5689 812 5746 credendo
830 5691 949 5764 indetur,
965 5703 988 5748 et
1002 5694 1050 5752 ito·
1140 5694 1263 5751 biidem.
1277 5709 1355 5760 mss..
1370 5694 1481 5768 pretim
1494 5710 1542 5768 pro
1552 5692 1687 5764 anagniae,
1700 5707 1751 5761 pro
1763 5692 1851 5769 pretio
1865 5709 1915 5768 pa-

250 5763 332 5818 dendn
347 5761 508 5828 reddebetum·
520 5761 642 5830 ‹prrrdam
655 5761 802 5818 redimitur.
1102 5767 1215 5823 cuniam.
1232 5766 1283 5823 stit
1299 5767 1435 5834 nonnulli,
1449 5766 1561 5849 proriam
1574 5781 1623 5837 pre
1638 5764 1759 5837 peruium
