4075 6359
42 325 133 390 1593
555 326 743 388 expostulo
763 325 890 388 EVANC.
910 327 985 390 SEC·
1005 329 1084 392 the.
1105 333 1172 393 tlte.
1192 333 1237 393 iii.
1652 344 1723 402 tait

45 449 126 509 ideo
144 467 259 513 errasse
278 460 333 510 ιιιιι
352 449 487 525 grauiter,
503 461 671 508 neerrarent
681 451 825 520 hemines,
841 461 868 510 et
881 454 908 520 Α
920 456 1135 530 quinquaginta:
1149 459 1260 530 etuuod
1275 470 1323 530 pet
1337 456 1405 516 alias
1418 473 1550 532 personae
1561 461 1724 536 Matthaeus,

45 546 86 601 ad
115 549 216 621 ipsum
231 547 390 608 crederetur
413 561 539 604 ntanaese
562 549 748 620 promissum,
764 547 873 606 diuina·
925 550 1054 621 peratiae
1068 550 1156 610 Lucas
1169 554 1372 625 generationem
1388 569 1514 614 manasse
1527 554 1723 631 descripserit:

46 657 122 700 runa
142 646 220 702 serie
241 643 419 716 cognorimus
440 639 600 700 lectionum.
623 641 780 700 AEdihearit
799 643 872 699 enim
923 643 1022 718 inquo
1038 645 1095 718 jam
1109 656 1187 718 putas
1204 648 1273 706 illud
1287 651 1404 721 probare
1415 651 1490 723 qrtod
1507 650 1644 724 diximus,
1660 656 1723 726 unia

48 739 206 808 temptum
221 738 338 796 Astarte
352 737 426 793 idolo
439 744 453 774 ι
467 746 579 808 propter
592 751 714 794 amorem
728 737 871 804 mulieris,
923 753 984 798 cum
999 739 1068 796 aiios
1082 740 1224 800 iiatthaeus
1236 743 1355 813 majores
1371 744 1505 802 Dominici
1517 747 1636 818 generis,
1651 746 1723 806 alios

50 841 85 890 et
103 834 327 906 indignatusest
343 831 475 890 Dominus
493 829 520 887 iu
541 831 716 888 Salomonem
732 829 787 905 (ΙΙΙ
806 831 870 904 hep.
923 845 989 890 nero
1013 831 1102 890 Lucas
1126 833 1271 893 in'ordine
1295 838 1482 908 generationis
1520 840 1654 907 texuerim
1687 841 1724 898 ab

47 941 100 990 xa,
121 925 143 980 d
158 937 186 983 et
199 929 277 1000 regi.
292 927 320 986 Si
334 923 433 998 igitur,
448 925 557 983 uiuente
571 923 670 992 hacid,
687 939 800 998 regnare
815 939 872 983 eoe·
922 923 1061 982 hhraham
1081 935 1171 984 tamen
1186 937 1215 985 et
1233 928 1317 985 [tenid
1337 930 1457 1005 reliquos
1475 939 1601 991 auctores
1614 934 1724 1005 generis

47 1019 96 1090 pit
120 1019 183 1090 (sic
197 1021 270 1078 enim
286 1019 390 1086 hahes,
404 1018 477 1091 cnud
490 1033 552 1075 enm
570 1025 644 1075 esset
656 1019 806 1074 nuntiatum
821 1019 873 1074 ila·
923 1027 1036 1090 uterque
1046 1020 1217 1092 signiticarit.

46 1111 101 1168 nid
117 1129 244 1184 regnare
257 1113 433 1172 musmonem
443 1155 453 1182 ,
464 1113 587 1169 adorauit
598 1127 646 1169 rex
657 1111 739 1168 tiarid
751 1113 776 1166 in
789 1111 871 1169 cubiti
958 1115 1002 1171 ta.
1023 1114 1101 1184 Quod
1121 1130 1188 1172 uero
1204 1132 1252 1187 per
1264 1115 1439 1175 Salomonem
1453 1119 1596 1178 thatthaeus
1610 1135 1724 1192 genera·

48 1218 130 1275 sno,
150 1213 184 1264 et
197 1205 266 1263 dixit
286 1205 342 1280 (iii
363 1203 429 1278 tieg.
444 1219 472 1272 ι,
487 1203 553 1278 tlh:
571 1204 727 1261 Benedictus
743 1202 872 1261 Dorrrinus
922 1206 1024 1264 tionem
1037 1207 1213 1266 derivandam
1229 1213 1349 1282 putauit,
1362 1213 1450 1270 Luras
1460 1230 1527 1272 uero
1539 1231 1588 1286 per
1598 1216 1701 1274 Nathan
1716 1235 1724 1273 r

48 1295 136 1354 Deus
161 1297 263 1366 isreel,
278 1300 322 1370 gui
336 1298 407 1355 dedit
430 1296 493 1354 mihi
510 1299 587 1354 hodie
598 1298 630 1354 de
642 1301 738 1354 semiue
758 1315 814 1355 meo
828 1315 869 1356 se·
923 1299 994 1358 alter
1009 1303 1148 1373 regalem,
1173 1303 1243 1360 aiter
1256 1305 1455 1363 sacerdotalem
1477 1306 1579 1365 Christi
1597 1309 1726 1366 lautitiam

50 1390 175 1448 dentem
190 1395 216 1447 in
231 1393 323 1448 throne
335 1408 406 1456 meo,
424 1399 448 1446 et
461 1391 529 1448 merli
541 1393 591 1447 urei
603 1392 711 1466 nieme),
721 1394 743 1448 si
756 1393 869 1461 errauit,
921 1394 1031 1452 ridetur
1043 1396 1198 1454 estendere.
1212 1398 1290 1470 Quot
1304 1415 1360 1456 nnn
1379 1401 1415 1456 ita
1435 1401 1561 1471 accipere
1571 1401 1721 1471 dehemus,

51 1485 80 1542 si
97 1485 239 1555 euentu,
255 1487 332 1544 rides
344 1480 472 1560 queniam
488 1489 613 1560 promissi
629 1489 715 1546 series
730 1487 869 1549 Christum
921 1491 994 1562 quud
1009 1490 1317 1550 alterumalteroverius
1330 1494 1394 1552 :sed
1403 1495 1560 1553 alteralteri
1569 1497 1722 1566 parihdeet

52 1583 229 1652 spopondit.
922 1583 1040 1640 raritate
1051 1585 1211 1643 concordet.
1222 1585 1284 1643 Fuit
1296 1588 1370 1644 euim
1383 1597 1489 1646 aerest
1502 1590 1651 1646 secundnm
1661 1606 1725 1646 ear-

96 1677 150 1734 to.
175 1675 209 1732 Et
230 1675 291 1734 ideo
310 1676 377 1734 istos
395 1675 465 1733 druos
482 1677 593 1751 generis
607 1687 733 1736 auctores
754 1693 870 1752 euange-
921 1691 984 1733 uem
1004 1678 1121 1750 regatis,
1136 1687 1165 1736 et
1184 1680 1363 1738 sacerdotalis
1383 1681 1492 1739 familie
1504 1699 1511 1738 :
1524 1698 1573 1739 ees
1593 1698 1628 1740 en
1650 1682 1724 1755 regi-

51 1768 125 1828 lista
144 1771 248 1844 delegit
261 1791 268 1824 :
282 1787 382 1842 ιιιιιιιιι,
399 1773 444 1844 qui
460 1774 624 1845 promissum
639 1775 743 1848 aceepit
756 1774 790 1832 de
803 1791 869 1832 eno·
922 1769 991 1840 hus,
1006 1772 1135 1829 sacerdos
1151 1789 1185 1830 ex
1204 1775 1407 1843 sacerdotibus,
1423 1776 1489 1834 lieet
1505 1777 1646 1834 orecuintn
1665 1792 1721 1834 non

50 1865 226 1936 gregatioue
237 1866 397 1937 populorum
413 1876 420 1922 t
437 1867 566 1933 aiterum,
581 1868 627 1940 gui
643 1868 868 1942 degeneratione
883 1883 907 1944 Β
921 1863 955 1921 de
969 1866 1147 1935 carnatibus,
1162 1867 1211 1924 sed
1224 1867 1259 1924 do
1277 1868 1435 1926 coelestihus
1455 1871 1639 1941 exprimatnr3
1655 1885 1723 1940 uuo

51 1955 170 2014 Christi
205 1959 345 2016 oraculum
384 1969 546 2018 consecutus
583 1969 635 2019 est.
669 1962 703 2018 Et
731 1961 792 2020 ideo
833 1962 865 2018 li·
920 1958 993 2013 niam
1014 1967 1042 2015 et
1056 1975 1105 2016 rex
1119 1960 1146 2016 in
1168 1959 1217 2016 Dei
1232 1959 1333 2018 virtute
1350 1961 1475 2031 letatur,
1497 1963 1541 2019 cui
1553 1962 1724 2034 jndicinme

50 2060 102 2108 cet
131 2051 233 2110 ordine
254 2055 291 2109 sit
312 2048 493 2111 successionis
517 2056 669 2128 posterior,
685 2056 759 2127 prior
778 2067 867 2114 tamen
920 2051 1000 2110 Patre
1015 2069 1080 2124 rege
1092 2051 1228 2121 deiertur,
1245 2062 1273 2110 ct
1285 2055 1415 2111 sacerdus
1426 2055 1506 2113 estin
1518 2065 1723 2124 eternum,se-

49 2158 143 2216 quam
162 2145 299 2203 Abraham
315 2148 342 2204 in
359 2145 465 2205 honuini
487 2150 662 2221 generatione
683 2148 866 2219 deserihitnr3
919 2148 1038 2204 cundum
1058 2147 1130 2220 qnod
1145 2148 1276 2219 seriptum
1292 2157 1353 2205 est:
1368 2148 1409 2204 Tu
1423 2166 1450 2204 es
1469 2151 1590 2206 medos
1603 2150 1631 2204 in
1644 2159 1721 2205 eter-

49 2239 121 2309 rpnia
142 2238 206 2308 pius
217 2246 259 2296 est
272 2241 434 2312 promissum
449 2242 588 2310 accepisse
601 2240 635 2297 de
646 2239 773 2308 Christo,
787 2257 867 2314 quarm
919 2260 982 2300 nunt
995 2243 1139 2299 secuudum
1152 2243 1271 2300 ordinem
1285 2241 1476 2300 Melchisedech
1495 2242 1589 2316 (Prot.
1604 2259 1667 2315 ott,
1681 2244 1723 2321 l).

48 2329 89 2386 de
118 2330 266 2398 Ecclesia:
282 2334 411 2406 quoniam
435 2333 556 2392 Ecclesia
577 2333 634 2406 ipsa
656 2350 705 2405 per
718 2334 866 2392 Christum.
919 2335 993 2394 Beue
1008 2337 1089 2410 igitur
1109 2345 1224 2409 uterque
1245 2337 1332 2394 tenuit
1346 2335 1446 2404 tidem;
1466 2345 1497 2394 ut
1517 2335 1660 2394 llatthaeus
1675 2352 1725 2410 per

49 2423 134 2494 Ergo
151 2439 223 2480 uetus
237 2425 364 2498 princeps
377 2428 486 2498 generis
501 2427 651 2484 seecundum
664 2443 789 2496 carnem,
803 2428 815 2466 b
830 2429 869 2484 al·
919 2447 1000 2504 reges
1016 2433 1125 2488 ductam
1150 2433 1283 2504 originem
1298 2433 1506 2504 comprobaret,
1522 2440 1551 2487 et
1571 2431 1659 2488 Lneas
1675 2447 1725 2500 per

49 2523 97 2572 ter
116 2516 251 2589 princeps
265 2519 374 2590 generis
396 2518 545 2576 seeundum
563 2521 710 2590 spiritum:
733 2520 804 2576 alter
826 2534 868 2576 se·
918 2523 1077 2584 sacerdotes
1096 2540 1111 2580 a
1127 2525 1182 2580 lieo
1205 2525 1391 2582 transmissam
1415 2525 1441 2580 in
1462 2523 1601 2581 Christum
1621 2524 1721 2582 seriem

48 2609 184 2665 eundum
196 2611 308 2667 seminis
318 2611 450 2681 gratiam,
466 2613 535 2670 niter
545 2613 692 2670 secundum
705 2614 867 2686 populorum
919 2620 1028 2691 generis
1042 2617 1218 2686 dedocendo,
1238 2617 1403 2673 sanctiorem
1419 2617 1505 2689 ipsam
1522 2617 1655 2687 originem
1675 2615 1723 2673 de·

48 2699 142 2757 sudent
154 2719 163 2762 ι
177 2703 266 2771 potior
276 2703 349 2760 enim
361 2703 406 2774 otti
417 2704 548 2762 saltatui
559 2705 604 2774 uui
618 2707 749 2762 saltatui·-
762 2707 798 2762 Εῑ
808 2706 869 2762 ῑᾰθῡ
920 2715 1049 2771 clareret.
1060 2712 1147 2768 Simul
1162 2713 1189 2768 iu
1206 2713 1257 2767 nne
1272 2727 1382 2784 utroque
1398 2712 1474 2767 rituali
1486 2712 1571 2782 ligura
1582 2709 1723 2780 signatur,

51 2794 149 2851 Darhi
172 2794 243 2851 itlius
262 2795 381 2853 dicitura
396 2793 471 2852 Lites
485 2799 658 2869 generationis
672 2797 736 2854 deso
754 2797 868 2867 Christi,
921 2806 994 2878 quand
1007 2802 1289 2876 ubiquesacerdotale
1309 2803 1471 2877 mysterium
1484 2812 1562 2874 poen
1579 2815 1639 2858 esse
1660 2809 1721 2858 ser.·

50 2886 107 2957 pilii
123 2885 215 2942 Dauid
237 2887 347 2962 (doeth.
362 2903 387 2956 t,
402 2890 439 2958 t).
455 2889 522 2961 Eine
544 2890 616 2946 enim
632 2892 719 2962 primo
740 2891 869 2948 loeode·
921 2898 1052 2954 rartdnm.

50 2981 118 3040 huit
142 2981 218 3038 filius
236 2981 289 3040 dici
301 3026 309 3050 a
323 2983 368 3040 0¹¹¹
382 2981 442 3040 diti
462 2985 534 3042 “¹³⁰⁵
554 2993 597 3040 0³⁸
619 2983 786 3056 immittitu
806 2984 872 3042 lieet
959 2994 1004 3048 tt.
1025 2991 1079 3048 Nec
1095 2991 1204 3048 mireris
1217 2991 1239 3046 si
1261 2991 1296 3047 eh
1309 2989 1445 3047 hiaraham
1461 2991 1553 3062 piures
1571 2987 1721 3045 seeundum

51 3077 215 3150 Apostolus
235 3080 316 3136 etiam
339 3079 457 3136 hhtahue
475 3079 612 3136 Christum
629 3079 701 3136 dicat
722 3094 785 3152 esse
807 3095 871 3152 pro·
922 3085 1023 3143 Lucam
1045 3085 1234 3150 serenessioues
1247 3099 1332 3157 rusque
1353 3083 1387 3139 ad
1406 3082 1543 3140 Christum
1559 3091 1642 3150 sunt,
1657 3097 1724 3153 pau·

51 3171 181 3228 missurn
197 3189 205 3228 a
221 3171 333 3230 dtrohe
354 3173 427 3229 enim
447 3173 525 3228 dicte
545 3182 604 3228 sont
629 3174 830 3242 monuissioues,
846 3179 870 3228 et
920 3181 1009 3238 eiures
1024 3177 1174 3235 menardum
1190 3177 1364 3244 haetheum
1381 3193 1442 3234 curm
1459 3192 1507 3249 per
1529 3176 1597 3232 alias
1625 3191 1722 3248 perso.

52 3267 156 3322 semini
179 3269 247 3341 ejus.
263 3265 325 3323 Non
347 3267 432 3323 dicit:
449 3267 482 3323 ht
506 3267 664 3332 seminitus,
688 3277 818 3338 turrigerum
841 3269 905 3334 iuC
922 3287 971 3332 nas
995 3270 1200 3354 generationem
1223 3269 1334 3326 fatearis
1357 3284 1419 3325 esse
1442 3269 1584 3324 decursam
1606 3286 1614 3324 :
1633 3275 1723 3338 potest

55 3360 171 3427 nerrttis,
187 3360 231 3414 sed
245 3360 311 3416 sieut
324 3360 351 3416 in
371 3375 444 3416 ono:
458 3359 492 3416 Et
504 3361 596 3416 sertriui
610 3370 655 3416 tuo
667 3403 673 3428 ,
686 3361 731 3432 qui
743 3371 781 3416 est
792 3359 868 3416 Chri·
919 3365 992 3426 euim
1009 3365 1068 3420 heri
1083 3373 1112 3420 ιιι
1134 3362 1181 3419 alii
1207 3363 1355 3436 longaevam
1370 3363 1553 3434 transegerint
1567 3360 1668 3430 uitam,
1684 3361 1723 3416 at-

55 3463 116 3512 stus
133 3453 238 3520 (Gulae.
252 3471 281 3510 ιιι
296 3498 304 3522 ,
319 3453 384 3530 ts);
400 3464 430 3513 ιιι
449 3456 528 3513 atteri
541 3456 695 3528 proprietas
716 3457 869 3528 gmerartu-
921 3460 1004 3518 terius
1018 3472 1085 3514 uero
1099 3457 1284 3529 generationis
1305 3455 1355 3513 riri
1371 3455 1513 3512 immatura
1528 3463 1609 3510 etate
1628 3455 1722 3510 deces-

54 3549 101 3606 nis
116 3592 124 3618 ‚
141 3550 312 3621 principatus
336 3549 414 3608 atteri
434 3549 583 3608 deleratur.
604 3550 645 3607 illi
666 3551 785 3608 delatum
804 3559 867 3620 est,
919 3553 1027 3619 serint;
1054 3566 1117 3608 cnm
1138 3550 1281 3606 rideamus
1303 3547 1460 3621 complures
1479 3560 1560 3602 senes
1580 3561 1641 3601 enm
1665 3545 1723 3600 stris

55 3653 86 3702 ut
102 3641 188 3698 lesus
201 3644 262 3714 ejus
285 3643 357 3699 tilius
380 3644 518 3701 diceretur
534 3663 541 3702 ι
563 3643 625 3702 latnie
639 3645 715 3714 neraei
729 3644 845 3717 principi
858 3687 867 3712 ,
920 3647 1064 3718 nepotibus
1078 3647 1187 3714 ninere,
1202 3644 1272 3702 aiios
1283 3659 1348 3701 uero
1362 3645 1435 3700 siros
1449 3643 1540 3698 statim
1564 3640 1626 3697 tiliis
1645 3639 1722 3697 ohire

58 3735 179 3792 iamilim
193 3737 367 3810 gentiumque
387 3737 567 3810 praerogatiua
594 3738 701 3812 1310
722 3747 867 3804 seruatur;
921 3742 1065 3812 susceptis.

57 3837 91 3888 ut
115 3831 153 3888 ab
178 3830 314 3888 Abraham
351 3833 539 3904 generationis
569 3833 718 3890 Dorarinieae
747 3841 871 3889 manaret
957 3830 1722 3906 lh.iliuduununeariuertimnsquodsanctnsilatthaeus,

57 3927 219 3983 exordium.
231 3927 282 3994 Qui
294 3927 367 3984 etaim
382 3927 443 3984 ildei
460 3937 555 3984 anetnr
566 3936 624 3993 est,
641 3928 729 3998 ipsum
746 3941 869 3984 asserere
920 3925 1057 3997 iacnhqui
1068 3926 1418 3998 huitpaterioseph.titium
1429 3924 1608 3980 hiuthunesse
1619 3938 1723 3979 erueturn-

59 4018 867 4092 Seriptnrnquoqnedelnritdiritategenerationisnnoturem.
921 4021 1022 4076 raserit
1032 4018 1139 4092 (itutth.
1149 4035 1172 4085 ι,
1183 4018 1230 4089 tt)
1244 4019 1419 4074 :Luteasuere
1432 4015 1536 4089 ioseph
1548 4015 1590 4072 cui
1601 4016 1719 4086 despon-

98 4113 147 4168 ιι.
168 4109 248 4168 Ursule
261 4123 289 4168 et
301 4113 389 4170 Lucas
403 4113 436 4168 ad
450 4113 536 4170 lteram
551 4115 656 4180 putarit
668 4114 798 4184 originem
810 4113 871 4182 ejus
922 4122 979 4170 sata
993 4123 1052 4167 erat
1064 4112 1165 4178 hierio,
1176 4111 1259 4167 tilium
1270 4111 1329 4167 licii
1349 4135 1358 4175 ;
1380 4110 1538 4166 iieiiautem
1553 4109 1638 4164 hlium
1653 4107 1720 4162 hlei·

60 4219 128 4261 esse
142 4202 334 4270 referendam
349 4205 421 4275 qruod
436 4221 516 4262 verns
527 4205 628 4263 Christi
642 4216 786 4276 generator
799 4205 871 4261 heus
922 4210 965 4266 ehi
981 4224 1042 4264 esse
1054 4207 1229 4279 descripserit
1241 4205 1317 4278 (Cur.
1328 4223 1357 4262 ιιι
1368 4249 1376 4274 ,
1387 4205 1445 4275 td).
1459 4205 1602 4275 Quomodo
1616 4205 1724 4279 1310

60 4301 117 4367 sit,
129 4299 176 4356 tei
188 4299 336 4356 secuudum
349 4315 440 4357 neruum
453 4301 658 4372 generationem
674 4309 763 4372 pater,
774 4301 815 4355 rel
829 4312 872 4354 se·
923 4306 1003 4362 ιιιιῐιιι
1019 4305 1074 4360 uiuo
1096 4314 1200 4373 partes,
1219 4303 1245 4358 id
1265 4312 1318 4370 est,
1333 4302 1393 4359 ttett
1415 4312 1442 4358 et
1461 4301 1566 4358 iacchi
1580 4300 1724 4370 Qttoruode

61 4393 185 4451 cundum
200 4392 301 4450 lauacri
315 4395 550 4465 regenerationem
566 4395 675 4466 mystici
689 4394 810 4450 muueris
825 4408 872 4447 au-
923 4400 1004 4456 utiam
1016 4397 1070 4454 dun
1083 4397 1187 4467 paterni
1198 4397 1258 4465 aui,
1272 4397 1380 4452 hlothan
1393 4405 1420 4452 et
1433 4392 1550 4451 hielehi?
1560 4393 1614 4449 Sed
1624 4395 1647 4448 si
1660 4408 1724 4451 tere

57 4497 135 4543 ctnr.
154 4485 188 4542 Et
204 4483 265 4542 ideo
285 4501 339 4544 non
353 4502 368 4542 a
381 4489 469 4558 primo
487 4487 691 4559 generationem
712 4487 771 4557 eius
790 4486 872 4555 cepit
922 4490 1040 4562 quamuis,
1057 4490 1177 4545 inuenies
1191 4487 1280 4562 (heret.
1292 4504 1361 4557 xxv,
1375 4488 1402 4558 5)
1416 4487 1486 4555 rpnorl
1498 4486 1574 4556 irrata
1589 4485 1724 4558 prese-rip-
1813 4496 1820 4508 ·

63 4582 225 4640 descrihere
237 4601 244 4640 ι
256 4583 303 4642 seri
316 4591 409 4654 postea
423 4584 586 4654 baptismum
598 4582 656 4654 ejus
666 4583 810 4654 explicuit,
824 4598 871 4636 uu·
922 4594 980 4641 tum
996 4584 1063 4655 tegis
1076 4583 1177 4640 ueteris
1190 4584 1245 4638 dno
1261 4581 1362 4638 iratres
1381 4580 1505 4637 diuersos
1519 4580 1591 4638 hlios
1608 4590 1620 4620 ⁰
1635 4579 1722 4638 nteri-

63 4689 172 4735 ctorem
195 4678 315 4734 omnium
337 4677 421 4734 ileum
442 4693 491 4750 per
506 4675 671 4746 baptismum
691 4678 804 4746 cupiens
825 4675 873 4732 de·
887 4667 910 4728 D
925 4691 1019 4732 runsex
1044 4690 1095 4730 nna
1120 4689 1203 4729 rurore
1223 4673 1413 4745 generaverint
1434 4673 1548 4748 (Casei.
1565 4673 1631 4729 Cres.
1650 4672 1724 4730 iicet.

67 4781 243 4840 ernnustrare,
259 4773 396 4829 Christum
411 4787 519 4844 utroque
534 4785 548 4826 a
564 4771 618 4827 Deo
631 4771 726 4827 ordine
748 4785 872 4826 manasse
924 4769 985 4825 hist.
999 4769 1046 4824 tii.
1060 4785 1068 4824 ι
1080 4811 1088 4834 ,
1102 4783 1129 4824 c.
1150 4768 1191 4839 i).
1207 4767 1337 4823 Traditur
1352 4769 1423 4824 enim
1440 4766 1566 4833 hlothan,
1581 4766 1655 4838 grtia
1672 4766 1723 4820 Sa-

67 4867 253 4923 sueeesstonis
263 4869 399 4924 asseruit:
415 4866 541 4922 nruirersn
556 4874 723 4932 contexens,
741 4873 769 4919 nt
783 4873 810 4920 et
826 4879 871 4918 se·
922 4864 1033 4921 inruens
1048 4861 1236 4934 geuusdusn,
1250 4861 1335 4919 tneoh
1348 4877 1494 4932 generasse
1505 4861 1607 4928 hlium,
1622 4871 1649 4916 et
1659 4875 1726 4916 uro·

66 4959 187 5015 curidum
202 4971 345 5028 naturam,
361 4969 389 5016 et
412 4959 561 5018 secundum
577 4961 710 5029 gratiam,
727 4967 755 5015 et
772 4973 871 5014 securr-
923 4973 954 5015 re
968 4958 1131 5027 superstite,
1147 4956 1312 5020 decessisse,
1329 4973 1409 5027 urtam
1425 4966 1518 5028 postea
1535 4955 1632 5012 hutoni
1646 4970 1725 5012 acce-

67 5049 132 5108 dnm
148 5066 258 5108 earnem
274 5053 320 5109 hei
337 5051 435 5109 Filium
452 5054 663 5110 ulentnnstrnret.
683 5050 759 5121 Quinti
781 5060 871 5106 autem
924 5050 965 5124 pit
979 5066 1110 5116 uxorein,
1124 5067 1157 5105 ex
1173 5065 1226 5122 qna
1238 5057 1391 5121 'generatus
1405 5058 1446 5106 est
1460 5050 1521 5106 Heli
1535 5069 1542 5106 :
1557 5067 1651 5108 rursus
1667 5051 1724 5107 dieii

69 5143 332 5202 euidentius'diuinae
346 5145 530 5216 generationis
545 5144 693 5210 iudicium,
707 5157 788 5215 utram
800 5142 871 5214 qrrod
924 5144 1008 5200 tratre
1029 5147 1089 5202 sitne
1103 5143 1197 5200 liheris
1218 5143 1388 5206 decedente,
1405 5145 1546 5214 copulatus
1568 5154 1611 5200 est
1631 5141 1726 5200 fratria

70 5237 103 5292 du
118 5239 296 5310 generatione
310 5237 451 5306 dicturus,
467 5237 555 5307 ipsum
568 5237 677 5294 Patrem
690 5237 820 5309 praemisit
833 5237 872 5291 lo·
925 5239 1026 5306 uxori,
1042 5248 1071 5296 et
1082 5239 1221 5311 generarit
1235 5239 1320 5294 tilium
1334 5238 1456 5309 loseph,
1472 5240 1517 5310 qui
1529 5238 1605 5309 iurta
1625 5237 1725 5310 Legem

71 5341 219 5401 otrentum:
236 5329 287 5388 iiic
297 5340 336 5388 est
347 5330 418 5403 pitius
429 5346 501 5387 mun
512 5331 638 5399 dilectus,
652 5333 680 5388 in
692 5348 744 5402 ouo
754 5334 872 5404 comptu·
924 5332 1010 5390 dauerrh
1025 5332 1095 5389 hlius
1115 5331 1231 5397 dieitur:
1246 5333 1374 5404 grunnium
1388 5347 1481 5388 semen
1498 5331 1588 5388 iratris
1604 5331 1725 5389 rlcirructi

72 5423 113 5476 eni
125 5422 201 5491 thoe.
217 5437 263 5489 ur,
279 5423 333 5490 ΞΩ,
349 5421 444 5496 supp?
926 5427 1010 5482 irater
1021 5427 1097 5496 iuxta
1111 5426 1178 5497 tegis
1197 5425 1298 5482 veteris
1310 5425 1410 5481 seriem
1421 5423 1581 5481 suscitabat.
1603 5423 1640 5480 tta
1654 5423 1724 5481 duo·

109 5517 153 5570 te.
174 5515 224 5573 iiic
238 5531 346 5588 qrtoqrre
359 5515 441 5587 aliqui
456 5515 546 5572 solent
556 5515 678 5573 inserere
688 5519 871 5588 questiones,
927 5534 986 5575 rnm
1002 5518 1173 5574 itliusdictns
1184 5525 1242 5584 est,
1258 5533 1312 5574 non
1323 5518 1358 5573 eh
1370 5527 1485 5589 retroque
1497 5525 1643 5587 generatum
1655 5537 1662 5574 :
1676 5517 1725 5573 seh

72 5614 142 5680 qrrod
158 5613 299 5670 Muttinem
314 5613 348 5670 ah
358 5613 494 5670 dhraham
509 5625 594 5684 usqne
608 5611 641 5668 ad
653 5613 793 5672 Christum
806 5629 872 5687 quta·
925 5613 1110 5686 urriaalterius
1121 5613 1271 5670 seeundum
1281 5611 1499 5683 generationem,
1511 5610 1622 5667 atterius
1632 5625 1727 5666 seeun-

74 5701 195 5778 dragiuta
205 5707 273 5763 duas
284 5707 472 5779 generationes
481 5705 698 5775 enumeraverit,
710 5706 797 5763 Lucas
808 5721 874 5764 reru
927 5708 991 5766 dom
1003 5708 1103 5779 Legem
1117 5706 1205 5763 iactare
1217 5715 1258 5762 est
1270 5705 1352 5762 tilius.
1364 5704 1394 5761 in
1407 5719 1462 5774 ortu
1474 5705 1634 5776 prescripto
1647 5703 1711 5776 Legi

111 5838 123 5866 ¹¹
139 5831 217 5888 nuru.
231 5829 311 5900 edin,
326 5840 432 5902 mopter
442 5847 556 5887 umorem
570 5831 718 5888 mulierum.
923 5836 995 5894 neris
1005 5834 1148 5892 secandune
1160 5831 1301 5889 Christum-

109 5899 122 5936 '²
139 5903 200 5962 tiss.
216 5905 313 5960 utitem
324 5901 482 5975 antiquioris
494 5911 605 5970 mantus,
616 5904 680 5960 ulter
693 5903 813 5978 priu'eeps
824 5921 869 5978 gs·
962 5921 972 5944 r
991 5907 1090 5963 torum
1105 5905 1220 5959 atteriuoa
1233 5902 1311 5958 Rom.
1325 5897 1391 5953 edit.
1405 5895 1562 5954 sustulerat.
